3270 5400
201 326 275 400 488
534 352 662 404 carun.
687 354 791 405 cono.
816 355 1096 411 moroomemc.

242 535 311 592 111.
336 536 416 605 Quod
430 538 623 606 praedicatione
635 539 709 596 Petri
721 546 805 608 atoue
819 542 904 611 manis
919 546 999 599 multi
1010 547 1185 602 erediderunt
1195 548 1396 611 Romanorum.
1405 559 1430 605 et

201 634 236 688 de
245 635 388 688 nobilitate
397 636 483 688 sancti
497 635 652 690 Clementis.

243 732 330 789 IIII.
354 736 434 803 Quod
444 737 577 791 sublimes
589 744 616 791 et
626 739 727 793 infirmi
736 741 941 796 concordabant
949 743 1024 806 iidei;
1034 744 1103 798 etde
1110 744 1429 817 Judaeerumatqnegen-

201 827 290 882 tilium
302 829 352 882 Dei
365 830 577 899 dispensatione.

241 926 282 983 V.
306 927 345 980 De
357 928 488 995 dignitate
500 928 691 983 Romanorum
709 935 736 984 et
747 932 904 999 apostolica
920 934 1001 998 sedis,
1018 936 1098 991 ruina
1114 936 1285 1001 ludaeorum,
1301 938 1454 997 electionet

200 1025 341 1094 utriusque
351 1025 507 1088 Clementis,
520 1031 548 1078 et
557 1025 590 1078 de
603 1026 647 1080 his
659 1028 705 1095 qui
718 1029 752 1080 ad
764 1028 865 1083 Gallus
877 1030 1035 1086 missisunt

240 1122 302 1180 VI.
328 1124 408 1193 Quod
421 1126 448 1178 in
460 1124 555 1180 itinere
568 1127 636 1180 obiit
647 1128 793 1195 Maternus,
805 1134 832 1184 et
843 1130 877 1183 de
888 1132 1076 1186 consolatione
1087 1133 1162 1187 beati
1174 1133 1259 1188 Petri.

240 1221 323 1278 VII.
348 1223 426 1290 Quod
440 1224 539 1292 singuli
552 1226 586 1278 ad
599 1226 734 1280 destinata
751 1233 893 1298 pergentes
904 1229 966 1282 toea
977 1230 1106 1284 baculum
1124 1232 1246 1286 invicem
1258 1237 1324 1287 sunt
1335 1234 1427 1302 partiti

240 1320 342 1378 VIII.
367 1324 446 1390 Quod
463 1324 559 1377 beatus
573 1324 699 1378 Clemens
711 1325 802 1380 bleiim
815 1329 936 1393 veniens,
951 1345 1007 1383 non
1023 1328 1116 1383 statim
1131 1330 1231 1383 urbem
1253 1331 1375 1397 intrarit,
1385 1333 1427 1386 sed

200 1421 326 1476 Gorziam
339 1420 481 1474 habitavit.
1441 1440 1466 1490 tp

240 1520 381 1577 Nonum
402 1515 609 1588 capitulum.
633 1520 712 1586 Quod
725 1521 850 1591 princepe
861 1521 939 1575 urbis
950 1523 1077 1576 venando
1087 1538 1200 1576 cervum
1212 1523 1327 1578 beatum
1341 1539 1426 1593 reppe

199 1618 234 1672 rit
246 1618 414 1672 Clementem
424 1639 430 1682 ;
440 1624 467 1672 et
477 1620 511 1672 de
523 1619 688 1673 allocutione
700 1624 804 1672 mutua.

239 1718 281 1773 X.
306 1715 429 1782 Qualiter
441 1715 537 1769 beatus
550 1715 676 1769 Clemens
689 1715 779 1768 bletim
791 1715 941 1768 intraverit.

239 1815 301 1871 XI.
324 1817 377 1872 Ubi
390 1815 464 1886 prius
476 1815 624 1883 hospitium
641 1815 769 1869 habuerit
781 1815 877 1868 beatus
889 1814 1026 1877 Clemens;
1039 1817 1067 1866 et
1083 1816 1158 1883 quod
1176 1815 1312 1883 paulatim
1330 1816 1426 1870 civibus

1447 1088 1460 1121 Ι

107 1952 113 1963 .
197 1911 358 1966 infundebat
370 1909 536 1978 agnitionem
547 1910 654 1964 Christi.
1440 1931 1463 1980 η

238 2008 317 2065 XII.
340 2011 379 2064 De
389 2011 522 2064 concione
536 2010 620 2077 ipsius
633 2011 666 2063 ad
679 2011 809 2078 populum
825 2010 874 2063 :de
886 2011 962 2075 lapsu
974 2010 1055 2078 primi
1064 2010 1187 2063 hominis
1202 2015 1231 2064 et
1242 2026 1337 2065 errore
1348 2011 1424 2065 idole-

197 2122 267 2171 rum,
279 2110 306 2159 et
317 2107 350 2159 ile
361 2106 494 2159 electione
507 2106 648 2159 Abraham
662 2111 689 2159 el
701 2105 785 2160 Maria
797 2105 909 2174 virgine.
921 2105 955 2158 de
970 2105 1101 2174 mysterio
1114 2105 1314 2160 incarnationis
1325 2106 1424 2168 Christi,

198 2208 225 2257 el
237 2203 270 2257 de
282 2203 444 2257 auctoritate
456 2201 529 2256 Petri
539 2203 665 2270 apostoli,
674 2208 701 2256 et
710 2203 744 2256 de
753 2218 836 2256 eausa
846 2202 888 2255 aui
900 2202 1034 2255 adventus
1046 2201 1074 2255 in
1086 2200 1188 2255 Gallias
1199 2203 1247 2269 (l).

238 2303 337 2359 XIII.
359 2305 399 2358 De
409 2319 521 2356 assensu
531 2304 624 2372 populi
637 2308 664 2356 et
675 2302 832 2372 serpentina
840 2302 893 2356 lue.

237 2401 358 2458 XIIII.
382 2403 461 2469 Quod
481 2401 577 2455 beatus
590 2400 717 2453 Clemens
734 2400 835 2469 populo
855 2400 950 2454 indicit
965 2400 1115 2468 jejunium
1133 2405 1162 2454 et
1181 2401 1257 2469 quod
1275 2400 1421 2454 cubiculum
1437 2421 1460 2471 ῃ

196 2502 318 2570 praesulis
327 2500 431 2554 lactum
444 2503 484 2552 est
494 2497 644 2551 oratorium
655 2496 797 2550 inhonore
809 2502 911 2550 sanctae
924 2496 1025 2551 Crucis.
1415 2494 1418 2504 '

237 2600 302 2657 XV
321 2597 527 2668 capitulum.
553 2600 591 2652 De
612 2597 809 2652 acceleratione
829 2597 916 2666 plebis
936 2601 964 2651 et
983 2597 1167 2652 celebratione
1190 2599 1283 2653 missae
1303 2604 1330 2653 et
1345 2600 1423 2653 erucis

196 2697 375 2768 impressione
388 2697 415 2751 in
427 2696 563 2751 frontibus
576 2695 727 2749 astantium
740 2694 810 2747 etde
823 2693 923 2747 virtute
934 2694 1099 2748 sacramenti
1108 2693 1208 2749 missae.

236 2796 329 2854 XVI.
351 2798 431 2867 Quod
439 2798 576 2852 celebrato
584 2795 714 2865 mysterio
722 2796 823 2850 Christi
831 2795 1422 2865 cumiurbisadieritamphitheatrum;etde

195 2895 362 2964 serpentium
376 2900 463 2949 motu.
527 2940 529 2944 ,
1433 2911 1458 2961 ῃ

235 2993 348 3051 XVII.
374 2996 453 3062 Quod
464 2995 596 3063 majorem
607 2998 762 3062 serpentem
772 2996 917 3047 evocatum
925 2993 995 3046 stola
1003 2992 1172 3060 colligaverit
1181 2998 1209 3047 et
1218 2995 1337 3063 propriis
1344 2994 1419 3049 mani·

194 3091 245 3146 bus
258 3093 292 3146 ml
305 3092 384 3145 Satin
397 3091 511 3146 iluvium
525 3107 612 3159 usque
624 3090 789 3159 perduxerit.

235 3190 366 3248 XVIII.
389 3192 468 3258 Quod
481 3192 653 3260 serpentibus
666 3191 786 3258 expulsis
797 3189 874 3243 locus
885 3190 1082 3258 amphitheatri
1090 3189 1175 3244 noxia
1183 3196 1262 3259 peste
1270 3193 1419 3256 cameritet

193 3290 268 3360 quod
281 3294 352 3343 terra
365 3290 462 3342 exinde
472 3294 581 3358 sumpla
593 3293 733 3356 serpentes
743 3287 915 3342 exterminat.

234 3387 376 3445 XVIIII
392 3383 599 3456 capitulum.
625 3389 705 3455 Quod
724 3393 786 3458 post
803 3388 991 3456 expulsionem
1009 3389 1142 3459 serpentis
1159 3389 1273 3444 redierit
1284 3391 1313 3444 in
1331 3391 1454 3452 urbeveto

194 3486 382 3555 populumque
394 3485 579 3539 nmmonuerit
591 3489 618 3538 et
636 3484 821 3552 baptizaverit.

234 3585 299 3641 XX
320 3583 527 3653 capitulum.
553 3586 633 3653 Quod
652 3585 823 3638 infirmantes
834 3584 985 3654 serpertina
1003 3589 1078 3654 peste
1098 3586 1301 3655 postulaverint
1316 3605 1346 3642 se
1363 3585 1416 3642 visi·

193 3682 257 3744 lari:
272 3683 345 3751 ‹luod
358 3682 507 3749 injunxerit
522 3683 578 3737 suis
590 3682 739 3750 adimplere
752 3681 955 3736 comministris.

233 3781 327 3837 XXI.
349 3782 430 3848 Quod
442 3781 576 3835 modestia
588 3781 674 3834 sancti
687 3781 836 3835 Clementis
846 3797 903 3834 non
914 3780 1004 3835 solum
1017 3780 1089 3835 cives
1101 3781 1150 3834 sed
1162 3787 1190 3836 et
1201 3782 1351 3838 suburbani
1360 3798 1416 3837 cen·

193 3880 265 3933 versi
277 3879 385 3932 suntad
395 3878 542 3931 Christum.
869 3925 871 3930 .
1428 3893 1452 3943 ῃ

608 4029 812 4100 nxpnetunt
833 4030 1004 4101 aspriora.

192 4161 320 4234 Incipit
340 4161 419 4221 vita
447 4160 647 4220 beatissimi
676 4162 864 4220 clementis
889 4159 997 4232 primi
1024 4163 1241 4221 Metenstum
1266 4161 1417 4224 civitatis

726 4258 891 4331 episcopt.

222 4402 377 4456 Beatissimi
395 4403 543 4457 Clementis
563 4403 830 4457 Mediomatricorum
853 4402 1065 4472 apostolicique
1083 4404 1165 4472 primi
1183 4407 1323 4474 pontilicis
1339 4407 1416 4461 mun

189 4500 350 4570 descripturi
362 4502 521 4556 invocamus
540 4502 621 4555 nobis
634 4502 730 4554 adesse
741 4500 857 4568 gratiam
875 4501 992 4570 Spiritus
1008 4501 1096 4555 sancti
1109 4504 1189 4571 cnjus
1201 4504 1378 4575 inspiratione
1388 4504 1416 4558 de
1429 4513 1454 4567 to

222 4663 258 4728 (1)
270 4663 436 4734 Perlegendo
448 4665 538 4719 l'itam
551 4665 777 4720 animadverteris
787 4666 845 4734 jam
856 4665 958 4720 abhinc
970 4666 1042 4720 hanc
1054 4666 1240 4735 capitulorum
1249 4671 1349 4725 seriem
1360 4684 1416 4725 eum

189 4745 274 4814 ipsius
286 4746 348 4800 vitre
359 4747 507 4816 partitione
518 4765 574 4803 non
586 4750 742 4803 convenire.
