3270 5400
447 127 540 178 nrnn.
566 126 647 178 nne.
674 126 848 178 0110111111.
876 148 923 158 -
950 127 1031 179 con.
1057 116 1094 177 11υ
1119 124 1228 177 sarr-r.
1384 106 1455 178 389

322 318 440 391 Actus
458 318 577 390 sancti
594 316 748 390 ioannis
766 316 928 410 theologi
946 324 982 391 01
999 318 1175 391 Prochori
1189 319 1270 411 ejus
1287 317 1456 411 discipuli

374 431 452 524 (ror.
475 431 611 523 ress).

256 560 328 614 Editi
351 560 379 613 in
393 563 517 614 Maximo
528 562 694 614 Bibliotheca
709 569 825 614 ceterum
840 562 952 614 Petrum
964 561 1099 629 (Lugduni
1110 562 1192 628 1677),
1208 567 1274 616 10111.
1288 562 1320 625 11,
1332 578 1358 630 p.
1369 562 1456 616 4647.

225 659 278 713 Sed
291 660 381 712 versio
393 658 494 713 codicis
506 665 549 712 sat
559 675 632 728 saepe
642 658 677 711 ab
686 658 820 728 impressa
828 659 973 728 discrepat,
983 661 1129 730 minusque
1139 661 1241 715 recedit
1250 678 1266 714 a
1275 665 1351 715 textu
1360 676 1456 730 grece,

225 757 314 826 qualis
326 763 440 812 curante
450 758 482 811 cl.
490 757 542 812 Th.
554 758 632 811 Zahn
644 758 732 811 editus
742 774 829 826 nuper
841 763 881 812 est
893 759 1015 827 Erlanqae
1025 760 1124 823 (1880);
1136 760 1220 813 1111101
1232 761 1315 814 etiam
1324 759 1456 812 narratio·

226 872 289 910 nem
307 854 493 926 μεταστάσεως
509 859 566 933 sive
578 859 709 912 transitus
721 858 846 927 apostoli.
859 875 920 927 quoe
933 859 961 913 in
971 861 1095 912 Maximo
1104 861 1268 913 Bibliotheca
1278 858 1456 912 desideratur.

226 954 315 1023 Quam
334 961 439 1024 partem
458 973 505 1024 per
516 956 629 1009 modum
647 955 804 1024 appendicis
821 955 948 1010 addimus
960 956 1038 1019 infra,
1056 962 1087 1010 ut
1105 957 1205 1011 codicis
1217 957 1300 1024 hujus
1317 955 1456 1025 specimen

227 1055 363 1124 quoddam
384 1055 527 1109 habeatur.
545 1055 705 1123 Comparari
722 1059 811 1122 potest
828 1071 890 1108 cum
904 1055 1062 1108 narratione
1079 1055 1331 1123 pseudo-Melitonis
1349 1054 1456 1123 (Miqne,

227 1153 255 1208 P.
266 1153 306 1217 G,
318 1158 385 1207 torn.
398 1154 428 1218 V,
440 1171 466 1222 p.
485 1152 769 1222 11191110111111101110
782 1154 866 1218 (ibid,
878 1157 945 1208 tom.
958 1154 1035 1217 CXV,
1053 1170 1077 1223 p.
1094 1154 1152 1219 703)
1171 1159 1198 1207 et
1214 1153 1328 1208 ioannis
1345 1171 1363 1208 a
1375 1154 1457 1208 Vore-

227 1254 296 1322 gine.
320 1253 398 1308 Conf.
409 1230 531 1321 Lipsius,
552 1254 604 1306 Die
623 1254 791 1321 apocryphen
811 1254 1084 1320 apostetoeccirichten,
1102 1257 1169 1306 tom.
1186 1253 1206 1315 1,
1225 1253 1320 1319 (1883),
1337 1269 1381 1322 pp.
1399 1253 1456 1318 358,

227 1353 275 1407 189
286 1369 345 1421 sqq.

258 1452 345 1506 Unica
363 1451 556 1505 tantummodo
581 1450 689 1504 rubrica
709 1450 830 1519 partialis
851 1450 879 1503 in
905 1451 1005 1505 codicis
1026 1456 1102 1505 textu
1128 1451 1252 1515 occurrit,
1277 1452 1336 1505 haec
1358 1468 1457 1520 nempe

229 1550 284 1615 (101.
295 1550 353 1617 idi)
364 1570 370 1603 :
384 1552 425 1604 De
436 1559 528 1604 corteto
546 1553 680 1619 eeonpeiio
691 1551 838 1603 secundum
849 1551 1001 1604 iohannem
1013 1552 1142 1618 quomodo
1159 1553 1298 1605 enarravit
1310 1553 1381 1605 iilud
1392 1559 1416 1605 et
1427 1553 1457 1604 in

230 1668 279 1718 quo
289 1653 345 1705 ioco
357 1659 381 1704 et
390 1652 419 1703 in
429 1668 483 1718 quo
494 1651 571 1703 itero.

722 1808 966 1822 ————-

552 2060 757 2171 Appendix
782 2060 832 2147 od
858 2008 944 2147 0011.Ι
971 2059 1136 2150 9871-4.

484 2313 536 2369 De
556 2310 716 2369 transitu
737 2311 856 2369 1011011
875 2310 1028 2370 ,Ioannis
1048 2306 1213 2381 apostoli.

261 2502 473 2556 Demoravimus
494 2507 585 2556 autem
605 2503 633 2556 in
649 2503 789 2571 Ephesum
802 2506 948 2571 postquam
966 2502 1080 2570 regressi
1100 2518 1196 2555 sumus
1215 2503 1250 2556 ab
1270 2501 1351 2556 exilio
1372 2517 1460 2555 annos

231 2600 322 2670 viginti
334 2617 398 2664 sex;
416 2601 483 2655 etin
497 2602 630 2655 Pathmos
643 2601 795 2655 mansimus
812 2617 899 2656 annos
911 2618 1020 2654 novem.
1033 2601 1098 2654 Erat
1109 2606 1201 2654 autem
1214 2601 1310 2654 beatus
1321 2601 1461 2654 iohannes

229 2701 370 2769 apostolus
383 2701 494 2770 quando
507 2700 633 2754 venimus
645 2701 672 2754 in
685 2701 822 2769 Ephesum
841 2700 876 2754 ab
893 2699 1044 2754 ierusalem
1066 2716 1201 2754 annorum
1219 2699 1416 2769 quinquaginta
1433 2703 1460 2754 01

184 2804 208 2853 n
229 2800 366 2853 mensium
379 2804 492 2868 septem.
502 2799 536 2853 Et
544 2815 595 2868 eqo
607 2799 763 2853 Prochorus
775 2799 922 2867 discipulus
931 2816 1007 2852 eram
1017 2815 1152 2852 annorum
1162 2799 1272 2868 triginta
1284 2804 1311 2852 et
1322 2800 1459 2852 mensium

230 2903 299 2953 octo.
312 2899 382 2952 Cum
394 2898 598 2967 complerentur
615 2903 707 2952 autern
720 2899 784 2952 anni
796 2898 891 2967 viginti
908 2914 965 2963 sex,
978 2903 1075 2966 postea
1086 2899 1212 2952 venimus
1230 2899 1264 2951 de
1282 2898 1414 2952 Pathmos
1432 2897 1460 2951 in

231 2995 377 3065 Ephesum.

263 3096 394 3165 Egressus
403 3102 445 3150 est
453 3102 545 3150 autern
554 3097 695 3150 iohannes
704 3097 829 3150 dedomo
839 3097 887 3149 Dei
897 3103 925 3151 et
933 3097 1081 3166 assumpsit
1090 3102 1194 3166 septem
1206 3097 1239 3150 de
1248 3095 1387 3165 discipulis
1395 3095 1460 3157 suis,

232 3210 275 3249 me
287 3200 314 3249 01
326 3195 396 3250 alios
408 3211 465 3259 sex,
477 3200 505 3249 et
516 3196 585 3249 dixit
597 3195 677 3249 nobis
687 3215 693 3248 ι
703 3198 823 3263 Accipite
839 3197 994 3262 funditoris
1013 3198 1043 3248 io
1055 3213 1154 3248 rnonuc
1167 3204 1268 3248 cestros
1279 3203 1303 3248 et
1315 3196 1461 3262 sequimini

198 3302 220 3352 11
234 3311 278 3348 me.
291 3295 325 3348 Et
336 3294 451 3347 fecimus
462 3294 506 3348 itn.
517 3294 648 3348 Venimus
658 3310 768 3363 quoque
777 3294 806 3348 in
815 3294 906 3348 locum
919 3295 1076 3362 quemdam,
1088 3298 1114 3346 et
1127 3294 1195 3347 dixit
1206 3293 1299 3346 nohis:
1311 3294 1401 3346 Sedete
1409 3294 1460 3345 iric.

235 3391 266 3447 Et
282 3393 342 3462 ipse
354 3393 466 3446 recessit
478 3410 495 3446 a
511 3392 591 3447 nobis
610 3399 744 3461 quantum
760 3394 850 3461 jactus
862 3399 903 3447 est
914 3393 1019 3462 lapidis.
1038 3393 1071 3446 Et
1090 3392 1178 3447 oravit
1189 3396 1273 3455 stans,
1291 3397 1318 3445 et
1332 3407 1414 3445 nemo
1427 3407 1460 3444 ex

235 3491 312 3547 uobis
320 3492 551 3561 appropinquavit
564 3493 611 3546 ubi
621 3497 679 3546 erat
690 3492 831 3546 iohannes
840 3509 927 3562 usque
939 3493 973 3545 ad
982 3508 1072 3545 mane.
1083 3491 1148 3545 Post
1165 3491 1246 3560 igitur
1259 3506 1322 3544 cum
1335 3490 1461 3558 impleret

235 3592 386 3647 orationem
398 3609 486 3655 suam,
499 3592 567 3646 dixit
579 3592 659 3646 nobis
671 3613 677 3646 :
695 3594 785 3647 Venite
793 3596 830 3646 od
838 3611 886 3655 roe,
898 3595 1010 3659 fratres.
1023 3593 1056 3645 Et
1068 3591 1194 3644 venimus
1205 3590 1240 3644 ad
1252 3606 1324 3644 eum.
1333 3589 1462 3658 Dixitque

234 3692 331 3746 nobis:
353 3692 452 3746 Cooote
469 3694 499 3745 in
519 3694 711 3759 insipitudinem
730 3708 792 3746 ruere
809 3699 920 3745 stature
936 3694 966 3744 in
983 3692 1188 3745 aiinilitudinem
1206 3692 1296 3743 crucis
1315 3691 1462 3743 seotncom

190 3804 217 3854 tp
232 3793 412 3845 extensionem
423 3808 555 3844 omnnem
567 3808 698 3845 meorum.
710 3791 744 3845 Et
755 3791 915 3844 curavimus
924 3792 971 3844 ita.

264 3890 368 3944 lterum
380 3906 446 3944 vero
458 3890 535 3943 stetit
546 3895 573 3943 et
585 3890 681 3943 oravit
690 3890 840 3958 Postquam
852 3894 944 3943 autem
957 3888 1052 3952 oravit,
1063 3887 1201 3942 osculatus
1211 3892 1251 3941 est
1261 3903 1356 3940 omnes
1365 3902 1427 3948 nos;
1437 3890 1464 3939 et

231 3987 324 4058 posuit
333 3988 457 4057 seipsum
469 3988 497 4042 in
515 4004 623 4044 cavum,
640 3989 715 4056 quod
726 3988 892 4052 curavimus,
906 3990 1025 4041 extensis
1042 3987 1177 4041 manibus.
1190 3987 1230 4040 Ac
1242 3990 1336 4054 postea
1348 3985 1466 4039 docebat

231 4104 285 4143 1100
295 4093 323 4142 01
335 4087 420 4141 dixit:
431 4089 694 4154 Attrahitefrotree,
704 4094 1061 4153 11111111111011011101111111,11
1073 4085 1465 4154 0000011111111101119εηί110

230 4189 307 4241 meio.
319 4187 354 4241 Et
365 4186 481 4239 fecimus
492 4186 537 4239 ita.
550 4186 676 4254 Itemque
691 4187 781 4240 oravit
792 4192 820 4239 et
835 4186 949 4239 osculati
961 4202 1057 4239 snmus
1076 4201 1149 4250 eum,
1169 4189 1196 4237 et
1214 4184 1300 4237 dixit:
1319 4185 1464 4250 Aitroirite,

177 4302 210 4352 ω
227 4286 293 4354 filit,
304 4303 393 4339 meam
401 4292 516 4338 matrem
524 4293 635 4347 terram,
648 4293 672 4338 et
680 4288 811 4354 cooperite
819 4303 861 4338 1110
873 4302 957 4352 reoque
968 4286 1004 4337 od
1016 4286 1120 4337 collum.
1133 4284 1167 4337 Et
1179 4284 1295 4336 fecimus
1303 4282 1349 4336 ita.
1361 4282 1464 4336 Iterum

228 4390 327 4441 antem
339 4384 430 4439 oravit
441 4390 469 4438 et
477 4384 547 4438 dixit
558 4385 627 4438 mihi
640 4404 646 4438 :
658 4386 717 4438 Fili
728 4386 869 4451 Procirorr,
882 4385 947 4438 rode
958 4386 988 4437 in
999 4385 1163 4450 Jerusoteo,
1175 4386 1240 4451 quio
1253 4385 1309 4436 iilic
1320 4383 1396 4436 debeo
1405 4399 1465 4436 con·

228 4492 386 4541 summotus
395 4500 458 4539 ecoe.
469 4483 504 4537 Et
512 4483 550 4536 ait
559 4483 638 4538 nobis
648 4502 654 4536 :
663 4486 772 4551 efferte,
778 4485 832 4549 filii
842 4487 902 4550 inei,
911 4486 1023 4537 linteum
1038 4484 1113 4548 miti,
1122 4485 1305 4536 etoocutonteo
1321 4500 1362 4536 me
1373 4484 1466 4552 percite
