3270 5400
372 372 466 424 aran.
485 373 567 424 aaa.
586 374 759 426 sauram.
778 397 824 407 -
843 375 992 429 areana.
1010 377 1057 428 aa
1074 377 1154 430 con.
1172 366 1210 429 n⁰
1227 378 1351 432 raca-ra.
1411 361 1478 432 117

241 561 413 617 sanctissuis
424 563 561 619 Salvatori
569 569 664 618 nostro
673 565 739 620 iesu
751 564 869 620 Christo.
881 608 892 631 ,
906 566 929 620 Ο
942 567 1033 629 decus,
1046 567 1172 637 ogloria!
1185 569 1276 622 Homo
1293 570 1350 638 jam
1366 571 1480 639 jamque

243 663 397 716 moriturus
409 678 466 717 non
478 668 606 730 mortem,
623 680 680 717 non
696 665 830 734 poenalem
849 666 947 720 mortis
965 667 1131 722 sententiam
1149 683 1341 738 expavescens,
1353 669 1480 724 laudibus

242 760 356 814 Domini
368 777 402 814 ae
418 761 443 815 si
457 761 516 830 jam
527 762 638 816 vicisset
653 762 772 832 gloriose
783 765 905 832 gaudens
917 765 996 819 unice
1008 767 1021 797 '¹
1034 765 1139 820 institit.
1149 766 1217 821 Cum
1231 773 1324 822 autem
1338 769 1480 823 exordium

241 858 298 913 diei
310 858 479 925 immineret,
487 861 548 916 solo
560 878 591 916 se
600 863 736 931 prosterni
746 863 887 932 praecepit3
900 863 994 934 ibique
1003 871 1066 933 post
1077 840 1341 930 modicumcunctis
1350 868 1407 921 suis
1415 885 1481 939 prae·

208 964 224 1011 t
241 958 379 1023 sentibus,
388 959 512 1014 debiturn
525 962 623 1025 carnis,
635 961 707 1016 sicut
718 963 777 1031 lpse
785 968 850 1017 ante
859 980 962 1032 paucos
974 964 1064 1019 adhuc
1076 966 1135 1019 dies
1145 967 1241 1021 vivens
1253 984 1345 1021 coram
1358 984 1389 1022 se
1400 968 1482 1023 scribi

240 1063 422 1125 praeceperat,
434 1073 493 1112 xrm
505 1058 637 1114 kalendas
647 1059 770 1114 ianuarii
782 1061 922 1129 persolvit.

285 1154 347 1212 ³0.
367 1154 458 1210 Biduo
469 1161 563 1210 autem
573 1156 725 1226 insepultus
734 1162 845 1227 propter
857 1159 973 1212 verbum
984 1159 1155 1227 praemissum
1167 1161 1324 1229 permansit.
1334 1162 1404 1215 Dum
1419 1179 1483 1215 vero

241 1270 325 1307 secus
337 1259 463 1307 sanctam
481 1255 634 1324 Egbnrpern
648 1255 722 1309 fossa
738 1256 855 1324 sepulcri
868 1256 940 1309 fucta
952 1256 1048 1310 luisset
1066 1262 1094 1310 et
1108 1257 1191 1324 juxta
1208 1258 1322 1313 verbum
1342 1260 1483 1327 praetixum

241 1353 366 1407 domnus
378 1353 487 1407 Eiferus
503 1354 667 1417 advenisset,
678 1355 802 1408 nondum
821 1355 962 1424 propalato
979 1355 1032 1408 sibi
1050 1356 1135 1409 verbo
1154 1358 1228 1424 quod
1245 1358 1380 1426 praedictae
1397 1359 1484 1412 sorori

190 1459 222 1507 to
241 1452 443 1516 insinuaverat,
461 1460 656 1523 percunctante
674 1455 776 1508 domna
796 1454 870 1508 Gisia
887 1455 1018 1524 priorissa
1034 1455 1147 1510 ubinam
1169 1456 1310 1510 decentius
1331 1464 1485 1526 poneretur,

241 1553 306 1621 ipso
328 1552 499 1606 deliberante
518 1570 602 1622 penes
624 1555 714 1621 majus
736 1554 822 1608 altare
846 1555 948 1608 lactum
969 1560 1012 1608 est
1031 1555 1196 1623 sepulcrum,
1218 1556 1246 1609 in
1267 1558 1341 1625 quod
1363 1563 1390 1611 ei
1413 1559 1485 1626 posi-

242 1654 290 1703 tus
311 1656 363 1704 est.

286 1748 349 1806 31.
369 1749 403 1802 Et
415 1748 482 1817 quia
494 1749 599 1802 dixerat
610 1766 639 1802 se
650 1749 689 1802 eis
698 1748 752 1802 loci
764 1748 972 1803 commansione
984 1754 1107 1817 tempore
1117 1749 1227 1817 praeiixo
1240 1749 1304 1803 lieet
1313 1749 1486 1804 invisibiliter

243 1861 434 1907 commanere,
444 1860 532 1913 pauca
540 1860 601 1912 quac
613 1843 647 1897 de
658 1844 702 1897 his
712 1845 828 1912 probata
839 1848 904 1897 sunt
912 1844 1077 1912 compendio
1087 1861 1143 1912 qno
1157 1845 1235 1897 valeo
1246 1860 1373 1912 exequar.
1382 1872 1415 1883 -
1424 1844 1485 1899 Una

195 1954 227 2001 ta
246 1961 388 2005 sororum,
400 1943 513 1997 nomine
530 1943 648 2007 Salome,
665 1944 909 2011 advesperascente
921 1944 966 1996 die
978 1944 1121 1997 materiam
1145 1944 1236 2011 operis
1256 1944 1297 1996 sui
1318 1944 1353 1997 ad
1371 1960 1484 1997 manum

247 2060 307 2097 non
318 2043 425 2097 habeus
435 2062 443 2096 z
454 2044 488 2095 sa·
498 2052 593 2096 acacia
604 2045 750 2111 prrcrpia,
762 2044 808 2101 ait,
820 2060 878 2095 earn
896 2044 965 2095 nvidi
981 2046 1157 2108 transmittat,
1169 2046 1277 2095 cresium
1290 2061 1348 2096 eam
1361 2062 1415 2096 csse
1426 2061 1487 2097 sarr·

248 2151 331 2196 dam.
340 2142 404 2195 lianc
416 2142 509 2195 adhuc
519 2141 563 2195 vix
576 2142 733 2211 expleverat
745 2147 772 2195 et
781 2158 843 2195 ecce
854 2147 951 2195 ventus
962 2141 1230 2205 vehementissimus,
1239 2146 1270 2194 ut
1280 2143 1361 2194 turbo
1373 2141 1487 2205 validus,

251 2239 287 2294 ad
299 2240 386 2309 ipsam
405 2240 548 2305 convolat;
560 2257 643 2308 quam
656 2241 864 2309 apprehensam,
876 2257 908 2293 ac
926 2240 949 2292 si
967 2241 1165 2293 humerotenus
1182 2240 1261 2307 quasi
1281 2240 1348 2308 iguis
1361 2240 1487 2294 incendio

253 2339 442 2408 immergenda
453 2340 533 2401 toret,
544 2340 673 2393 omnibus
685 2339 817 2393 membris
829 2356 960 2392 concussa
973 2344 1000 2391 et
1011 2337 1145 2391 dissoluta
1157 2340 1323 2394 contremuit
1335 2345 1363 2392 et
1380 2339 1488 2393 habitu·

208 2446 238 2495 tt
255 2438 318 2493 dine
326 2438 1070 2507 mortuisimillimaexpalluit'sandomaconsororibus
1079 2438 1136 2492 suis
1145 2438 1488 2499 commonitasatisiactio·

258 2553 319 2591 nem
330 2538 357 2591 in
365 2539 490 2592 ubertate
501 2538 677 2592 lacrimarum
691 2538 742 2606 ipsi
753 2538 859 2591 Sanctia
871 2538 1018 2607 spopondit
1032 2542 1059 2590 et
1073 2554 1224 2605 numquam
1235 2537 1348 2591 ulterius
1359 2538 1425 2605 quid
1434 2538 1488 2591 tale

262 2636 380 2703 promisit
388 2653 418 2691 se
426 2642 551 2691 acturam
564 2656 570 2690 :
583 2637 656 2691 unde
665 2637 780 2690 celerem
792 2636 980 2705 prosperitatis
992 2637 1108 2704 gratiam
1121 2637 1247 2690 obtinuit.
1257 2636 1326 2690 Huic
1338 2638 1418 2691 alluit
1429 2637 1487 2706 ipsa

263 2731 328 2785 bora
342 2734 484 2788 couterina
495 2751 553 2791 sua.
571 2736 684 2789 nominc
701 2734 783 2797 Gisia,
795 2752 857 2803 quae
869 2751 926 2788 non
938 2735 1018 2803 longe
1035 2739 1097 2803 post
1114 2734 1244 2788 defuncta
1262 2740 1311 2800 est,
1323 2740 1353 2788 ut
1370 2736 1488 2789 domnus

266 2829 354 2885 Petrus
363 2834 533 2901 praedixerat.
545 2833 613 2900 Qua
630 2851 680 2902 pro
697 2849 791 2887 sorore
809 2833 931 2886 clamans
944 2837 971 2885 et
987 2833 1064 2897 flens,
1076 2833 1145 2886 adeo
1164 2832 1280 2886 indoluit
1292 2839 1322 2887 ut
1335 2835 1381 2887 vix
1399 2834 1488 2887 sedari

229 2934 258 2984 tt
270 2935 356 2995 posset
366 2931 555 3002 subsequente
566 2936 660 2986 antem
672 2937 761 2995 nocte,
780 2932 925 2986 invisione
943 2931 1049 3000 soporis
1066 2932 1114 2985 ubi
1131 2932 1250 2986 domnus
1262 2932 1358 2986 Petrus
1375 2934 1489 2987 sedehat

274 3023 367 3081 Salorrm
378 3029 496 3084 advenit.
514 3029 602 3097 Quam
613 3029 761 3097 jocundule
773 3029 812 3082 sic
830 3029 1030 3097 alloquebatur,
1042 3028 1151 3081 dicens:
1165 3030 1272 3082 Donum
1290 3030 1404 3093 Sutoure,
1424 3048 1487 3083 rrum

278 3138 325 3178 etro
334 3129 434 3196 aliquid
442 3131 602 3183 dubictatis?

312 3222 360 3282 82.
378 3227 436 3281 Atia
451 3227 547 3281 itidem
567 3227 781 3281 eodemtenore
799 3225 912 3278 visionis
930 3230 1070 3278 nocturnae
1090 3224 1158 3278 vidit
1175 3224 1310 3279 domnum
1329 3226 1441 3279 Petrum
1461 3227 1487 3279 iu

284 3324 405 3389 munioni,
416 3330 445 3378 et
455 3324 597 3378 universas
608 3324 769 3377 convenisse
781 3339 830 3391 pro
842 3339 920 3376 more
937 3339 993 3376 suae
1011 3322 1195 3391 professionis.
1213 3322 1335 3389 Quarum
1354 3339 1486 3376 noxarum

247 3420 275 3471 ³⁰
286 3432 359 3475 musas
368 3424 491 3478 discnssit
499 3428 528 3476 et
538 3424 664 3477 inventas
676 3423 802 3485 correxit,
815 3427 913 3490 praeter
925 3422 1079 3490 aliquarum
1090 3438 1151 3489 qum
1164 3420 1288 3475 ultronee
1300 3422 1450 3489 judiciariae
1459 3439 1488 3475 se

288 3522 397 3576 sentenia
408 3523 549 3585 addixere;
562 3538 632 3591 quas
643 3522 732 3576 redire
741 3522 830 3589 jussit,
843 3521 937 3574 dicens
949 3536 979 3573 se
991 3537 1041 3574 nec
1054 3537 1134 3588 posse
1147 3536 1198 3573 nec
1210 3520 1279 3573 velie
1298 3520 1369 3589 ipsas
1381 3525 1488 3573 senten·

289 3613 363 3673 larua
377 3629 479 3677 mutare
496 3642 504 3676 t
522 3622 653 3676 aliorsum
666 3623 749 3676 statui
766 3621 866 3675 debere
878 3621 971 3673 alterae
989 3621 1002 3650 *
1020 3620 1170 3673 sententia.
1189 3620 1258 3673 Cum
1272 3621 1332 3673 brec
1344 3619 1443 3673 deinde
1454 3635 1488 3672 ex

291 3719 440 3777 ambulacra
451 3722 556 3785 inisset,
565 3739 626 3791 quae
638 3722 744 3775 viderat
755 3737 871 3790 quaeque
883 3720 1008 3773 audierat
1020 3719 1153 3788 exposuit.
1167 3719 1319 3788 Designatus
1332 3719 1412 3786 igitur
1423 3719 1488 3771 hinc

292 3813 338 3867 au
349 3821 489 3877 sollicitata
501 3828 621 3891 totaque
633 3821 793 3875 infirmitate
811 3820 998 3889 deprehensae,
1016 3819 1170 3873 recubitum
1184 3823 1286 3872 stratus
1298 3819 1340 3873 sui
1353 3834 1488 3887 occupare

251 3905 279 3957 ³³
292 3922 413 3979 loeltrunt:
425 3926 452 3975 et
470 3937 534 3991 pars
551 3920 662 3990 quidem
681 3936 776 3973 earum
794 3919 882 3988 primo
901 3934 982 3972 inane
1001 3917 1055 3970 hoc
1072 3917 1288 3984 exequebantur,
1298 3917 1409 3984 reliquae
1423 3933 1487 3970 vero

293 4006 344 4065 aba
351 4014 421 4074 inem
431 4021 486 4075 diei
497 4019 659 4090 aegritudine
670 4020 843 4073 arcebantur.

321 4107 363 4171 83.
376 4119 474 4174 Eodem
484 4125 609 4188 tempore
621 4118 673 4172 fuit
682 4117 811 4179 inclusus,
821 4114 933 4169 nomine
945 4115 1049 4178 Petrus,
1059 4114 1087 4168 in
1096 4120 1191 4168 monte
1200 4116 1358 4180 Eresbcrelx,
1368 4114 1488 4167 honora·

294 4199 338 4259 bib
344 4226 441 4278 uenona
450 4221 479 4269 et
486 4215 628 4285 presbyter
636 4213 664 4267 in
673 4212 838 4266 monachico
847 4211 953 4274 habitu,
963 4209 1115 4263 avunculus
1125 4210 1230 4278 prmiati
1239 4211 1334 4265 domni
1344 4211 1428 4275 Petri;
1441 4213 1488 4280 qui

295 4307 511 4371 urnununuam
524 4321 682 4370 matronam
697 4315 847 4384 quamdam
864 4314 898 4367 de
915 4315 1079 4368 Haroimsen
1100 4314 1278 4369 demandavit
1299 4316 1440 4370 sororibus
1460 4315 1488 4369 in

256 4394 283 4448 ω
296 4402 426 4483 Μῶα,
434 4416 509 4486 qnod
519 4416 636 4471 dilectus
648 4431 743 4469 earum
759 4415 879 4468 domnus
891 4414 996 4476 Petrus,
1006 4414 1079 4467 iilius
1089 4415 1192 4468 sororis
1202 4431 1267 4477 sure,
1277 4416 1396 4484 quadam
1409 4421 1489 4469 nocte

296 4498 633 4584 llllltmaqnajocunditatis
641 4514 1110 4584 dulcedineapparens,intercetcra
1117 4513 1203 4567 dulcis
1210 4514 1345 4567 sermonis
1353 4514 1489 4584 colloquia

298 4594 391 4663 ecum
399 4614 539 4682 cujusdam
548 4614 653 4667 sororis
664 4628 697 4666 ex
709 4612 851 4666 consortio
869 4627 964 4664 earum
977 4611 1147 4665 mentionem
1164 4611 1287 4673 fecisset;
1300 4629 1381 4681 quarn
1396 4620 1488 4668 tamen

299 4698 418 4763 'eitonam
426 4709 598 4775 denuntians,
606 4710 651 4764 eui
661 4710 696 4764 de
713 4707 938 4778 seculo‘rnigrare
950 4709 1098 4762 senectutis
1116 4708 1302 4763 imbecillitate
1315 4710 1490 4767 incumbente
