3270 5400
245 350 339 402 aran.
356 349 437 401 aaa.
456 348 627 402 anurnio.
647 371 694 382 -
711 350 858 403 arpano.
877 352 924 403 ao
942 352 1021 404 coo.
1040 342 1078 403 ΝΟ
1094 349 1170 405 ater.
1274 333 1323 404 43

98 530 377 605 tantes'cambarium,
389 539 522 593 adeuntes
533 555 580 593 eas
589 538 711 593 tulerunt
720 555 812 592 coram
824 539 982 593 adversario
994 545 1022 594 et
1033 541 1090 595 suis
1102 543 1281 612 complicibus
1289 544 1325 597 ad

99 637 237 706 placitum,
246 638 369 692 dicentes
381 655 431 707 pro
440 638 542 692 villano
554 639 667 692 beatum
680 638 854 692 Maurontum
866 655 911 693 res
921 655 986 693 suas
1004 640 1111 694 venisse
1127 645 1247 696 tutatum
1259 648 1287 696 et
1297 643 1325 696 id

96 736 203 804 injuriae
215 752 246 791 se
257 743 438 806 praesentasse
450 737 627 806 prohibitum.
638 737 674 791 At
687 742 818 806 tyrannus
835 738 957 792 imbutus
968 739 1128 793 crudelitate
1141 740 1151 774 ¹
1167 745 1195 794 et
1205 741 1326 795 habendi

97 835 242 903 desiderio,
254 836 359 890 nullam
370 836 552 891 reverentiam
561 838 712 891 reservavit
722 836 828 906 pignori
840 837 1026 902 sanctissimo;
1039 839 1087 892 sed
1096 838 1251 893 iracundior
1263 841 1326 893 effe·

63 950 79 998 5
96 940 158 989 ctus
165 951 229 1005 erga
237 935 416 990 innocentem
424 936 593 999 rusticum‚ri
604 936 911 1005 opprimendo,extorsit
917 937 953 990 ab
961 953 993 991 eo
1001 937 1139 992 solvendae
1146 938 1212 1008 legis
1220 939 1326 1008 dispen-

97 1034 183 1099 dium,
199 1035 271 1089 adeo
284 1035 438 1088 vociferans
448 1040 577 1105 protervo
590 1035 709 1090 clamore
726 1051 782 1089 non
793 1035 945 1104 legitimum
957 1037 996 1090 rei
1014 1037 1177 1091 disserendae
1193 1038 1325 1091 vicarium
1361 1086 1363 1089 .

96 1132 268 1201 produxisse,
282 1134 327 1187 cui
339 1133 467 1202 quamvis
478 1139 582 1199 sancto,
594 1134 632 1188 nil
643 1134 765 1188 restabat
776 1134 810 1187 de
826 1135 939 1188 homine
950 1141 1048 1204 praeter
1060 1152 1122 1189 ossa
1133 1141 1215 1205 atque
1227 1152 1327 1204 corpus

97 1232 235 1285 exanime.
247 1232 310 1286 Heu
322 1232 374 1286 viri
386 1233 508 1299 audacia,
517 1233 646 1287 universa
656 1233 810 1287 temeritate
822 1234 948 1299 deterior,
958 1234 1088 1303 omnique
1100 1235 1260 1289 crudelitate
1268 1251 1327 1303 per-

97 1329 212 1384 versior.
221 1329 294 1397 Quid
307 1330 358 1385 tibi
371 1332 484 1386 rationis
495 1333 624 1385 humanae
637 1348 732 1401 quaeve
743 1332 880 1401 cogitatio,
893 1349 955 1387 cum
967 1337 1049 1386 tantae
1059 1333 1210 1402 tyrannidis
1221 1333 1328 1388 lacinus

47 1445 79 1494 ⁴0
97 1433 256 1498 perpetrare
265 1446 350 1484 ausus
360 1430 444 1496 fuisti,
454 1431 502 1484 tali
510 1436 644 1500 praesente
655 1431 793 1500 patrono?
804 1431 889 1497 Tune,
904 1431 995 1497 miser,
1004 1433 1120 1501 putabas
1131 1432 1169 1485 nil
1184 1432 1212 1486 in
1223 1432 1327 1486 mundo

99 1527 258 1583 ualitudinis
268 1529 311 1583 sui
321 1546 419 1598 corpus
431 1530 534 1584 habere
547 1534 608 1598 post
619 1531 734 1596 obitum,
746 1531 824 1599 cujus
835 1547 898 1585 cum
910 1531 1015 1599 superis
1027 1536 1102 1585 tanta
1114 1531 1200 1600 gloria
1215 1532 1328 1586 comita·

98 1627 180 1681 batur
190 1627 336 1698 spiritum?
351 1628 404 1682 Sed
419 1645 489 1693 vere,
501 1634 531 1683 ut
544 1629 687 1694 credimus,
697 1635 724 1682 te
736 1628 809 1682 intus
820 1629 929 1683 artabat
940 1630 1053 1684 interior
1064 1629 1159 1695 hostis,
1168 1631 1254 1699 cuius,
1263 1646 1328 1684 cun·

99 1730 144 1779 cta
154 1728 347 1795 postponendo
360 1729 379 1792 ²,
391 1719 603 1797 obtemperabas
615 1728 725 1782 aculeis.

141 1823 175 1882 6.
198 1825 312 1878 Patrata
330 1829 426 1879 autem
438 1824 579 1879 dedecoris
596 1829 623 1879 et
634 1825 741 1892 injuriae
758 1842 850 1879 coram
868 1824 952 1879 sacris
968 1825 1091 1893 reliquiis
1102 1825 1260 1894 ignominia,
1271 1841 1329 1894 per·

52 1939 82 1986 ⁴5
100 1940 195 1978 versus
207 1929 392 1992 transgressor
403 1924 577 1992 proficiscens
595 1923 711 1978 tetendit
727 1924 761 1977 ad
773 1923 890 1993 propria,
901 1924 954 1978 Ubi
971 1925 1231 1992 perveniens,suum
1243 1923 1329 1977 corni-

99 2024 198 2092 pedem
216 2024 298 2078 duxit
313 2027 344 2077 ut
355 2023 462 2077 biberet
478 2023 512 2077 ad
525 2029 645 2093 puteum,
655 2025 740 2091 quus,
753 2039 817 2077 mox
829 2028 953 2092 arreptus
964 2023 1111 2089 dementia,
1127 2022 1262 2093 prosilivit
1273 2022 1328 2077 alto

99 2119 230 2189 praecipiti
248 2119 277 2173 in
294 2119 460 2189 protundum
479 2139 485 2173 :
507 2120 655 2173 testificans
673 2119 775 2188 gemitu
796 2120 899 2173 insanae
919 2120 994 2173 vocis
1013 2119 1177 2184 miserando,
1195 2136 1225 2173 se
1242 2119 1329 2173 multa

101 2235 212 2287 passum
221 2219 434 2273 indesinentera
445 2219 527 2272 beato
537 2219 610 2288 quod
623 2224 761 2273 meruerat
771 2219 923 2273 Mauronto.
935 2219 965 2272 ld
974 2224 1066 2273 autem
1076 2235 1158 2288 agens
1167 2235 1216 2288 per
1224 2218 1330 2287 aliquot

100 2319 232 2388 temporis
241 2318 427 2388 spatium,Dei
434 2319 536 2386 judicio
546 2319 704 2387 hujusmodi
714 2319 864 2388 ignominia
874 2319 1013 2373 exhalavit
1022 2319 1155 2387 spiritum.
1164 2318 1216 2371 Pro
1226 2317 1329 2372 t'uriosa

56 2429 86 2479 20
103 2419 192 2472 rabies
209 2417 328 2472 infelicis
344 2418 410 2471 riri!
428 2418 488 2484 Quo
501 2419 612 2471 interitu
624 2434 756 2487 umquam
770 2418 876 2487 dignior
887 2418 1008 2483 extitisti,
1026 2435 1088 2472 cum
1104 2418 1218 2486 jamjam
1237 2417 1329 2486 lapsus

103 2523 202 2583 mente,
213 2522 324 2572 tantum
345 2518 396 2570 Dei
416 2516 550 2571 famulum
568 2517 769 2571 contemnendo
787 2517 898 2571 tandem
918 2516 1042 2570 meruisti
1063 2515 1191 2569 decidens
1210 2519 1328 2569 mortem

103 2614 193 2669 subire
209 2615 239 2668 in
255 2619 349 2684 puteo,
369 2631 434 2668 mox
451 2614 577 2684 lapsurus
594 2615 622 2667 in
639 2615 770 2682 gehennae
788 2615 873 2667 cahos
892 2618 920 2667 et
939 2613 1106 2667 irremeabili
1123 2610 1279 2680 profundo?
1297 2611 1330 2665 lit

104 2711 228 2778 quamvis
240 2711 355 2765 insanus
367 2716 398 2765 ut
409 2711 589 2778 profitebaris,
600 2711 640 2764 ita
652 2710 786 2778 siquidem
799 2715 865 2773 erat,
877 2709 974 2762 beatus
986 2724 1052 2762 vero
1064 2708 1223 2763 Maurontus
1239 2713 1265 2761 te
1277 2712 1331 2761 tor-

104 2811 211 2879 quendo
220 2810 492 2879 laniabat,qu0niam
505 2810 616 2879 quidem
626 2809 724 2862 merita
732 2824 844 2862 suarum
855 2809 987 2862 virtutum
995 2807 1037 2861 sui
1050 2824 1099 2876 pro
1112 2812 1272 2875 contemptu
1281 2805 1331 2860 tibi

60 2923 88 2972 25
104 2907 262 2977 ingerebant
272 2909 447 2977 supplicium.

143 3008 177 3064 7.
200 3007 251 3060 His
269 3012 297 3062 et
314 3007 343 3061 in
360 3006 488 3060 omnibus
505 3007 665 3075 hujusmodi
684 3022 793 3073 semper
808 3005 935 3059 laudetur
953 3005 1045 3058 divina
1062 3005 1184 3073 operatio
1203 3009 1230 3058 et
1245 3004 1332 3071 ipsius

103 3107 248 3162 ineffabilis
260 3106 409 3161 extollatur
425 3105 594 3174 glorificatio,
610 3135 643 3144 —
659 3121 728 3173 quae,
746 3104 960 3159 misericorditer
976 3103 1124 3157 mirificans
1141 3106 1250 3155 sanctos
1266 3117 1332 3154 suos

104 3207 299 3261 miraculorum
312 3206 459 3270 beneficiis,
469 3206 543 3273 justo
556 3205 583 3258 in
600 3205 702 3274 judicio
720 3205 885 3258 condemnat
896 3203 1027 3272 reprobos
1039 3219 1088 3271 per
1105 3206 1242 3255 tormenta
1253 3199 1332 3253 ultio·

103 3307 152 3367 nis.
164 3337 196 3345 -
208 3307 321 3376 suisque
333 3305 459 3359 fidelibus
471 3305 630 3373 preferatur
641 3304 754 3358 humilis
766 3310 794 3358 et
810 3304 925 3373 supplex
943 3303 1053 3357 devotio
1066 3307 1149 3371 atque
1161 3301 1244 3355 totius
1256 3316 1332 3353 reve-

57 3415 86 3470 30
103 3408 197 3461 rentiae
217 3411 246 3460 et
265 3405 406 3460 servitutis
426 3405 570 3468 exhibitio;
591 3405 724 3473 quoniam
744 3404 855 3473 quidem
875 3403 1007 3472 quidquid
1027 3407 1185 3456 sanctorum
1208 3399 1332 3468 dignitati

104 3506 280 3574 impenditur,
292 3506 328 3558 ad
338 3504 414 3558 illum
425 3505 520 3573 procul
532 3504 616 3558 dubio
628 3505 745 3558 refertur
753 3504 782 3557 in
794 3520 849 3572 quo
861 3508 889 3556 et
901 3519 949 3571 per
960 3519 1051 3571 quem,
1061 3505 1219 3568 contempto
1228 3498 1332 3552 emolu-

102 3611 197 3660 mento
209 3603 431 3673 temporalitatis,
442 3603 494 3672 ipsi
504 3602 663 3672 tripudiant,
675 3603 768 3671 adepti
779 3603 893 3671 gloriam
903 3601 1071 3666 aternitatis,
1082 3600 1226 3653 laudantes
1239 3604 1266 3652 et
1277 3598 1331 3667 glo-

102 3706 242 3760 rificantes
249 3709 352 3758 sancta
360 3703 501 3757 Trinitatis
510 3704 692 3771 majestatem,
701 3720 763 3756 cum
774 3719 827 3772 qua
837 3703 1005 3770 gaudeamus
1013 3716 1062 3768 per
1071 3705 1168 3753 cuncta
1177 3698 1331 3752 seculorum

102 3805 312 3859 seculaAmen.

52 4081 85 4132 35
104 4072 271 4118 orsmaro
284 4070 390 4116 auaro
403 4069 547 4115 rerscoro
558 4067 727 4114 sauounusr.
740 4047 825 4132 (vid.
836 4066 936 4129 supra
946 4046 979 4109 in
991 4045 1134 4123 elench0,
1145 4044 1200 4107 52⁰
1211 4047 1243 4107 et
1253 4043 1331 4125 710.)

138 4265 258 4320 Texturn
268 4264 433 4319 recensitum
443 4264 471 4318 in
480 4263 702 4329 elencho,n⁰5i⁰‚
712 4261 880 4331 signavimus
889 4276 1003 4314 numero
1015 4262 1026 4313 1
1038 4279 1044 4324 ;
1055 4265 1159 4313 textum
1169 4258 1332 4312 recensitum

105 4367 191 4420 n⁰ll⁰
197 4365 368 4434 signavimus
378 4380 492 4418 numero
501 4365 530 4428 ἡ
541 4368 647 4417 textum
656 4361 803 4416 codBrux.
811 4363 1000 4416 ltbOuumero
1010 4361 1042 4423 3;
1054 4358 1202 4428 apograph.
1210 4357 1334 4412 Bolland.

104 4481 222 4519 numero
233 4469 258 4519 4.

139 4716 150 4749 ¹
161 4716 217 4769 cod.
228 4711 410 4767 crudelitatis.
418 4741 451 4750 -
462 4711 474 4745 ²
486 4710 747 4779 codpostponenda.
