3270 5400
192 354 243 427 ‘iil
527 380 656 431 csrsr.
680 380 787 431 cooo.
811 380 1092 433 morosasrrrrc.

194 562 297 617 lauro
309 564 388 631 Juxta
398 572 515 635 portam.
531 584 595 621 ecee
605 568 736 621 columba
748 568 812 623 nire
823 570 966 623 candidior
976 587 1060 638 snper
1070 578 1154 639 capnt
1165 571 1261 625 Lmri
1270 571 1432 625 ridentilm

193 664 301 717 mneos
311 664 460 719 descendit.
468 665 522 733 oni
539 684 601 721 eam
618 668 741 735 ahigms.
752 667 812 735 ipsa
823 685 872 737 per
882 676 1003 738 quatuor
1021 669 1138 737 angulos
1149 670 1264 723 oratorii
1275 670 1432 724 circumro-

194 760 256 813 lans
265 761 300 815 ad
310 764 471 831 capntillins
479 772 520 818 est
528 782 647 819 rerersa
656 766 721 833 Quo
730 768 852 820 secando
861 774 888 819 et
900 768 983 820 tertio
1000 768 1075 821 illam
1095 768 1231 836 abigente.
1246 768 1309 836 ipsa
1320 784 1433 837 semp&

195 860 231 913 ad
242 866 324 927 aput
335 862 486 917 tutissimi
499 865 633 919 renielrat
642 868 719 922 Tune
731 884 827 922 omnes
835 868 1007 920 unanimiter
1015 883 1080 920 enm
1092 884 1176 935 snper
1184 868 1273 921 altare
1280 868 1433 933 elevantes,

195 960 354 1027 episcopum
367 961 516 1017 misum
528 965 585 1018 Deo
593 966 711 1021 electum
721 967 924 1021 exclamabant
1448 974 1466 1023 t

236 1056 272 1116 9.
295 1059 348 1125 Qui
359 1060 477 1129 qualiter
488 1062 516 1115 in
527 1062 687 1131 episcopatu
699 1064 805 1119 riserit.
821 1064 849 1116 in
860 1065 958 1116 eadem
972 1063 1094 1116 Historia
1105 1064 1248 1131 reperitur.
1258 1062 1330 1117 liam
1342 1078 1433 1133 usqne

196 1156 232 1209 sd
240 1162 349 1225 ternpru
362 1158 404 1211 sui
416 1159 538 1226 martrrii
550 1160 589 1211 sic
602 1176 702 1228 corpus
714 1176 795 1213 suum
807 1160 914 1213 afflixit
926 1166 956 1212 nt
966 1176 1109 1227 nunqnam
1120 1176 1223 1228 panem
1235 1160 1371 1213 lrnrnenti
1383 1164 1435 1212 ant

199 1254 290 1309 sinum
308 1256 349 1309 rel
361 1256 400 1309 sal
409 1273 459 1324 pro
471 1274 569 1325 sapore
581 1264 718 1319 sumeret;
729 1259 781 1312 nisi
790 1258 865 1327 quod
874 1266 917 1311 ter
927 1260 954 1311 in
964 1274 1046 1317 anno,
1054 1258 1157 1311 scilicet
1167 1260 1195 1312 in
1204 1258 1303 1311 Nalale
1312 1257 1434 1321 Domini,

198 1353 301 1407 racem
311 1360 339 1407 et
347 1354 526 1408 Pentecosten
537 1356 630 1409 rinurn
643 1358 787 1410 sumebat:
797 1358 877 1423 cuju«
889 1364 983 1409 tamen
992 1374 1119 1426 saporem
1131 1374 1205 1424 aqua
1217 1358 1306 1411 nimia
1314 1357 1434 1410 suffoca·

36 1458 50 1485 ⁸
56 1458 114 1511 aa.
198 1453 289 1507 latin
296 1456 465 1509 wruestione
473 1456 648 1509 sustinerem
657 1458 732 1524 prius
739 1456 875 1509 sumebat.
883 1461 910 1508 et
917 1462 979 1523 posi
986 1472 1086 1523 panem
1095 1456 1282 1509 hordeaceum
1288 1458 1313 1509 ¹.
1319 1456 1436 1525 Semper
1451 1466 1483 1517 to

81 1552 88 1565 '
107 1538 175 1639 ⁰¹⁰3
198 1556 290 1605 aulem
301 1553 451 1620 jejunabat,
467 1560 496 1607 et
512 1570 653 1622 nunqnam
663 1556 676 1583 ⁸
694 1554 722 1608 in
740 1571 853 1622 vespere
870 1554 1042 1606 comedebat
1058 1554 1141 1607 Omni
1158 1560 1285 1622 tempore
1302 1554 1436 1608 utebatur

15 1684 24 1693 =
78 1652 166 1707 ruisi.
198 1650 295 1717 cilicio,
311 1651 404 1705 tunica
420 1658 448 1705 et
459 1652 599 1714 rrrantello,
611 1653 645 1705 ad
658 1653 772 1705 modurn
784 1654 976 1715 eremitarum
994 1668 1044 1705 nec
1061 1652 1183 1704 habehat
1194 1652 1265 1705 alias
1282 1658 1384 1705 restes.
1401 1652 1436 1705 st

198 1748 281 1803 ctiam
293 1754 371 1803 tanto
382 1756 506 1819 tempore
518 1751 654 1819 portabat,
665 1767 810 1819 quousque
823 1751 945 1805 totaliter
956 1750 1182 1804 dissolverentur.
1196 1750 1297 1804 Lectus
1305 1767 1374 1803 snus
1382 1766 1436 1820 mo

198 1846 312 1901 culcitra
322 1848 442 1903 cinerem
451 1856 479 1903 et
489 1850 607 1903 cilicium
620 1850 750 1905 habebat.
759 1855 786 1903 et
796 1867 846 1918 pro
858 1850 1030 1918 coopertorio
1042 1866 1151 1903 saecum
1161 1870 1168 1903 :
1177 1854 1206 1902 et
1214 1849 1436 1918 pulvinarsnurn

199 1944 270 2013 lapis
279 1945 449 1999 durissimus.
460 1946 575 2015 Semper
586 1952 680 2000 autern
691 1963 812 2015 gemens.
824 1948 1035 2000 calciamentum
1054 1947 1082 2000 in
1094 1947 1210 2015 pedibus
1227 1964 1285 2002 non
1296 1948 1438 2016 portabat.
1454 1960 1486 2009 tt

200 2044 272 2111 Quid
283 2044 382 2113 plura?
392 2044 565 2098 Talisextitit
574 2046 629 2098 rita
638 2062 697 2109 sua,
705 2046 781 2113 quod
790 2045 1021 2113 snperhorninem
1031 2045 1084 2099 luit
1093 2062 1175 2099 omne
1184 2047 1259 2115 quod
1270 2046 1346 2111 lecit,
1357 2048 1437 2116 quod

200 2141 375 2195 audientibus
395 2143 551 2197 incredibile
570 2145 692 2198 sideretn
697 2161 718 2209 r,
730 2151 761 2198 ut
772 2146 892 2198 liabetur
903 2145 931 2197 in
942 2145 1063 2198 Historia
1075 2144 1281 2209 Trarasmarina,
1292 2150 1326 2200 ut
1336 2146 1438 2201 recitat

201 2238 449 2307 lllrrysostomuset
459 2258 477 2293 a
487 2242 669 2295 citramarinis
683 2242 834 2310 compilata
846 2241 905 2295 luit.

246 2338 302 2395 10.
325 2338 392 2393 Post
405 2339 523 2393 multum
544 2356 609 2393 sero
627 2341 768 2408 temporis,
779 2341 847 2394 durn
859 2346 986 2409 regnaret
997 2340 1097 2393 Decius
1108 2342 1223 2407 primus,
1234 2345 1357 2408 qrratnor
1368 2356 1437 2410 pru·

202 2438 392 2491 lectmcontra
403 2437 504 2491 Gallias
515 2438 671 2501 destinavit,
683 2444 714 2491 ut
723 2454 820 2492 ornnes
831 2438 983 2500 christiani,
1000 2438 1169 2506 ubicumque
1179 2438 1376 2506 reperirentur,
1388 2442 1439 2491 aut
1454 2452 1486 2503 ω

203 2536 283 2591 idolis
310 2536 485 2590 immolarent
507 2543 556 2590 aui
576 2537 667 2605 gladio
692 2544 862 2591 necarentur.
886 2537 960 2591 luter
981 2552 1053 2605 quos
1073 2542 1167 2590 autern
1190 2536 1339 2604 prefectus
1363 2553 1438 2591 unns

202 2634 315 2689 nomine
337 2635 465 2688 l'essirrus
481 2634 606 2689 llarsilire
624 2637 638 2665 ⁸
656 2637 739 2697 venit,
756 2634 852 2688 solens
871 2635 909 2688 ibi
927 2635 955 2688 in
972 2634 1138 2688 christianos
1160 2650 1241 2687 suam
1259 2634 1437 2701 tyrannidem

203 2748 338 2787 erescere.
346 2733 526 2787 (manentes
534 2733 615 2802 igitur
625 2734 651 2787 ei
659 2750 722 2787 cum
732 2750 832 2802 magna
844 2732 998 2786 reverentia
1010 2733 1134 2786 idolatrae
1144 2734 1167 2795 ⁸,
1179 2732 1215 2785 ad
1223 2748 1323 2785 corum
1334 2733 1438 2786 instan-

204 2832 269 2885 tiam
281 2839 345 2886 sunt
355 2832 430 2886 citati
443 2849 540 2887 orrrnes
551 2833 703 2887 christiani.
714 2832 791 2899 Quos
803 2848 837 2886 ex
849 2832 986 2886 derisione
998 2833 1169 2885 associantes
1180 2836 1243 2885 octo
1255 2831 1345 2885 millia
1356 2848 1438 2901 paga·

205 2948 312 2993 oorurrr,
323 2933 434 2986 arlvcnit
445 2933 536 2987 sulrito
546 2934 643 2987 beatus
659 2933 784 2986 Lazarus.
800 2932 854 2998 Qui
867 2930 1033 2995 exclamans,
1045 2931 1081 2985 ad
1097 2947 1145 2984 eos
1162 2930 1246 2983 dixit:
1259 2916 1335 2984 State
1345 2948 1437 2985 onim
1451 2944 1479 2994 u

204 3038 228 3083 et
239 3033 329 3083 cidere.
344 3031 601 3097 Quilrusstantilrus,
611 3032 708 3085 beatus
717 3031 834 3085 Lazams
845 3029 975 3083 baculum
991 3030 1099 3083 aridum
1114 3045 1197 3098 super
1212 3045 1298 3097 quem
1310 3046 1343 3083 se
1355 3046 1437 3099 appo-

204 3128 297 3193 rliasit,
317 3129 345 3183 irr
368 3134 469 3183 terram
488 3130 555 3194 lixit,
568 3137 595 3183 et
615 3135 645 3184 ut
665 3134 775 3199 propter
788 3128 998 3182 conversionem
1016 3128 1108 3197 populi
1126 3128 1268 3182 fronderet
1284 3128 1437 3183 Dominum

204 3228 336 3283 extimuit.
344 3228 406 3295 Quo
417 3230 498 3293 lacto,
510 3236 572 3283 octo
584 3229 670 3283 millia
681 3244 852 3297 paganorum
864 3226 1041 3281 crediderunt
1051 3227 1079 3280 in
1092 3227 1230 3281 Christum
1244 3233 1273 3281 et
1284 3227 1438 3282 christiana

205 3326 259 3379 ilde
269 3328 422 3382 coniirmati
434 3335 506 3382 sunt.

248 3426 305 3483 11.
328 3426 389 3493 Quo
408 3427 512 3490 audito,
531 3426 645 3480 l'esinus
662 3426 755 3479 furore
771 3441 928 3487 succensus,
945 3423 1160 3493 quadringentos
1180 3423 1283 3477 milites
1303 3425 1355 3494 qui
1371 3440 1435 3479 eurn
1450 3434 1479 3487 at

205 3525 371 3579 adducerent
387 3525 469 3579 irrisit.
486 3524 554 3579 Currr
571 3540 635 3593 eruo
648 3540 712 3577 eum
733 3528 857 3576 orantem
872 3522 1047 3584 invenissent,
1059 3526 1087 3574 et
1099 3536 1131 3574 ex
1145 3522 1198 3575 hoc
1212 3521 1266 3576 sibi
1279 3522 1372 3577 dicere
1383 3537 1439 3577 non

207 3622 468 3685 voluissentitorum
479 3622 553 3676 irrisit
564 3622 634 3677 alios
643 3622 738 3692 plures
750 3621 816 3675 istis.
828 3620 881 3687 Qui
894 3636 957 3674 cum
970 3636 1034 3673 eum
1047 3619 1173 3673 similiter
1181 3626 1308 3674 orantem
1322 3621 1439 3675 invenis·

204 3728 274 3789 scut,
282 3740 344 3777 curn
355 3740 388 3777 eo
401 3723 501 3793 pariter
512 3728 667 3776 oraverunt.
678 3722 798 3789 Surgens
810 3725 903 3773 autern
914 3719 1011 3773 beatus
1022 3720 1148 3783 Lazarus,
1160 3719 1228 3773 dixit
1242 3719 1282 3773 eis
1295 3739 1302 3773 ι
1317 3723 1364 3774 As
1373 3722 1440 3791 quid

205 3825 336 3875 venistis?
346 3820 398 3889 Qui
411 3822 553 3875 dixerunt:
567 3824 700 3876 Dominus
716 3828 807 3875 noster
815 3821 932 3874 Festinus
950 3822 1025 3873 misit
1042 3837 1098 3887 nos,
1117 3828 1146 3872 ut
1161 3827 1186 3872 te
1202 3821 1240 3872 od
1250 3836 1312 3873 euru
1324 3820 1440 3887 liquisse

204 3922 343 3975 ducamus.
355 3921 460 3988 Quibus
479 3922 574 3975 lrcatus
593 3921 709 3975 Lazarus
722 3940 728 3974 ε
743 3922 872 3987 Qriomois
885 3927 1001 3988 propter
1013 3920 1137 3971 virtutem
1150 3919 1255 3971 Christi
1266 3935 1314 3971 nec
1325 3920 1440 3985 liquisse
1471 3920 1492 3971 Ξ

207 4036 253 4073 nec
269 4022 386 4073 solutum
403 4037 443 4073 me
462 4022 558 4073 docere
572 4022 694 4087 possetis,
711 4028 808 4083 turiseo,
822 4026 851 4071 ot
867 4020 955 4071 sirius
974 4018 1078 4071 Christi
1088 4024 1229 4084 appareat,
1241 4017 1379 4071 uobiscum
1390 4018 1441 4071 iio.

208 4118 240 4171 la
249 4124 313 4171 tunc
326 4118 422 4172 lroatus
435 4118 550 4172 Lazarus
559 4134 607 4172 eos
616 4119 650 4172 ad
664 4118 747 4171 tidem
761 4116 906 4171 convertit.

252 4216 307 4275 12.
332 4218 364 4271 lit
388 4235 404 4269 a
421 4217 540 4285 quodam
560 4216 661 4284 juvene
679 4215 807 4269 manibus
824 4214 877 4268 sibi
895 4213 985 4282 ligatis
1002 4229 1019 4266 a
1036 4218 1121 4282 tergo,
1134 4212 1231 4266 Fesino
1248 4219 1441 4282 presentatur.

208 4318 295 4383 Quem
309 4315 404 4370 videns
413 4314 534 4378 l'osinus,
546 4314 640 4367 dolore
650 4313 784 4366 viscerum
795 4316 822 4365 et
837 4311 969 4380 vertigine
982 4310 1079 4379 capitis
1091 4314 1165 4364 totus
1179 4309 1285 4379 plenus,
1298 4311 1334 4364 ‹le
1345 4312 1442 4365 catlre·

209 4415 258 4470 rlru
284 4415 310 4469 ln
328 4431 382 4483 qua
400 4414 511 4467 sedebat
529 4413 630 4466 corruit
646 4411 807 4466 semivivus.
825 4410 877 4464 Sed
895 4411 930 4463 ad
948 4409 1093 4478 imperium
1112 4408 1187 4462 beati
1204 4409 1300 4462 Lazari
1316 4426 1443 4479 surgens,
1468 4408 1492 4461 h

210 4514 386 4581 interrogavit
395 4514 505 4567 ticulum
520 4512 648 4566 Laurrum
661 4512 694 4564 de
704 4510 816 4564 natione
826 4516 854 4563 et
865 4515 940 4563 secta
949 4525 1007 4563 sua.
1013 4508 1063 4562 Cui
1073 4509 1171 4562 beatus
1180 4508 1299 4562 Lazarus
1308 4527 1315 4562 ε
1325 4510 1445 4563 Notion

210 4630 270 4665 sum
289 4614 558 4681 llieroroiymiloour,
570 4614 616 4665 sed
631 4612 684 4676 ride
701 4627 762 4663 sum
778 4608 1017 4663 christianissimi
1030 4607 1161 4660 Fesinus:
1176 4608 1300 4660 Primum
1317 4616 1357 4662 esi
1373 4612 1445 4663 cotis

210 4712 374 4775 cononicus,
390 4712 436 4763 sed
452 4711 597 4763 secomium
613 4712 723 4775 (aluum
735 4726 745 4759 :
757 4708 807 4760 tilii
823 4723 918 4760 ›rosireu
936 4708 1054 4773 imponis
1071 4706 1170 4759 scilicet
1185 4706 1289 4759 Cirricti
1306 4708 1440 4774 crricifici,
