3338 5394
161 853 176 882 ⁸
187 857 243 909 cod.

138 919 276 978 debiliate.

329 348 396 420 lla
660 373 787 425 caran.
812 374 917 425 cono.
942 375 1219 428 nnorocnnrnrc.

325 559 411 623 annis,
424 560 492 614 nihil
503 561 598 615 talium
611 563 745 616 memoria
756 563 866 632 dignum
880 580 1007 619 exercere
1019 566 1113 619 voluit.
1132 567 1256 634 Denique
1274 573 1305 620 ut
1323 584 1355 620 eo
1376 566 1478 620 reversi
1490 572 1556 619 sunt

325 658 359 710 ad
376 660 552 723 manendum,
564 661 695 714 continuo
712 661 900 731 complacitior
916 664 1021 727 effecta,
1039 666 1180 734 signorum
1197 664 1373 735 pristinorum
1391 665 1419 719 in
1435 664 1554 718 salutem

325 756 468 811 hominum
481 764 508 811 et
514 759 702 826 jumentorum
715 766 757 815 est
769 767 960 816 rememorata.
973 762 1096 829 Quorum
1108 780 1194 818 unum
1208 765 1326 818 domnus
1338 764 1476 833 Elringus,
1488 764 1555 817 Cor·

325 856 443 909 beiensis
452 859 612 922 monachus,
620 864 766 913 attestatur
775 877 846 929 equo
864 861 1045 917 adolescentis
1054 863 1198 929 cujusdam
1210 864 1320 917 comitis
1332 866 1373 917 sui
1386 863 1530 917 debilitato
1541 866 1555 893 ⁸

325 956 497 1023 provenisse3
507 959 562 1025 qui,
572 975 673 1026 equum
686 958 864 1027 imaginatum
877 961 911 1014 de
921 976 983 1013 cera
992 962 1016 1014 ei
1035 963 1134 1015 offerre
1145 963 1317 1031 promittens,
1326 962 1384 1031 ipso
1394 963 1439 1015 die
1451 978 1553 1031 equum
1572 971 1587 1016 5

324 1053 438 1107 illaesum
460 1058 569 1125 recepit.
590 1058 776 1111 llartmannus
789 1059 862 1120 item,
873 1059 982 1127 juvenis
1001 1062 1114 1129 quidam
1132 1078 1166 1115 ex
1184 1062 1287 1115 familia
1305 1061 1390 1130 ipsius
1409 1077 1555 1130 congrega·

324 1152 414 1215 tionis,
433 1171 545 1222 gravem
565 1156 798 1224 impetuositatem
819 1157 915 1225 eapitis
936 1175 1087 1228 perpessus,
1108 1160 1203 1214 salutis
1224 1160 1321 1229 pignus
1342 1176 1451 1213 cereum
1472 1166 1555 1229 caput

323 1252 476 1320 spopondit.
489 1257 517 1305 et
529 1254 624 1306 eadem
637 1254 680 1306 die
692 1256 851 1323 sospitatem
866 1256 974 1325 recepit.

475 1493 512 1535 nn
534 1494 656 1537 saneris
678 1497 869 1541 aarrrrmsus
892 1498 921 1541 rn
940 1498 1149 1541 reeenrsronr
1168 1498 1409 1553 Quiescnrrreus.

703 1575 780 1656 (Cir.
803 1596 911 1658 supra,
934 1597 1006 1659 pag.
1028 1577 1078 1653 87,
1101 1578 1178 1658 26⁰.)
1468 1631 1478 1655 ,
1574 1606 1604 1654 lo

358 1763 419 1815 llaec
430 1771 468 1816 est
480 1766 617 1817 Passionis
629 1769 761 1832 epilepsis.
775 1767 868 1818 Primo
879 1767 978 1830 tegitur
989 1771 1070 1832 ceput
1082 1781 1089 1815 r
1104 1772 1133 1815 ut
1145 1766 1219 1831 apud
1231 1764 1406 1827 Leibnitiurn,
1417 1771 1479 1815 tom.
1491 1765 1535 1815 eit.
1545 1782 1556 1825 ,·

323 1862 418 1913 deiude
439 1878 496 1930 qne
516 1864 613 1915 ibidem
633 1866 705 1916 edito
722 1872 785 1917 sient
805 1865 855 1916 sub
873 1881 946 1916 errem.
966 1879 1002 1925 xr,
1022 1880 1068 1930 pp.
1078 1867 1127 1915 191
1139 1870 1163 1915 el
1175 1866 1232 1927 192,
1246 1878 1329 1930 usque
1341 1863 1378 1913 nd
1389 1862 1442 1913 leuc
1455 1862 1556 1913 verbe:

323 1961 444 2027 potentia
454 1964 562 2014 terrena
571 1962 708 2015 sublimes.
722 1964 852 2030 Deinceps
863 1966 891 2014 in
900 1964 956 2015 eorl.
965 1963 1017 2015 laec
1026 1963 1170 2027 legeretur:
1183 1960 1288 2013 Horum
1301 1959 1472 2027 temporibus
1482 1958 1555 2011 istud

323 2055 427 2125 insigne
445 2058 607 2112 miraculum
627 2060 738 2128 contigit
756 2060 784 2113 in
805 2061 965 2121 Hnmborclr,
983 2058 1040 2110 Deo
1059 2057 1221 2117 mirabiliter
1232 2058 1394 2126 disponente
1406 2057 1482 2125 quod
1495 2057 1554 2125 ipsa

323 2155 399 2208 ducis
412 2157 530 2224 conjunx
551 2158 659 2221 llerina,
678 2159 763 2211 berriae
776 2159 867 2213 ltlarire
880 2158 991 2226 virginis
1010 2157 1232 2226 blasphematrix,
1246 2156 1389 2208 catholicae
1407 2156 1473 2208 lrdei
1490 2171 1554 2209 cou-
1575 2174 1606 2222 gg

323 2255 449 2322 tempti-ix
469 2260 494 2307 et
516 2255 708 2325 impugnatrix,
729 2275 745 2309 a
765 2259 824 2310 viro
845 2274 895 2310 suo
916 2256 1078 2325 conciperet,
1099 2260 1126 2309 el
1146 2260 1254 2309 errante
1276 2258 1373 2308 natura
1395 2254 1554 2322 pariterque

324 2359 439 2422 negante
452 2372 500 2423 per
516 2357 585 2408 duos
598 2372 685 2409 annos
735 2358 770 2410 m
782 2360 942 2422 reseruntur
952 2374 1011 2424 cop.
1024 2372 1131 2419 rii-xvir,
1140 2372 1200 2409 cum
1209 2358 1303 2422 prima
1311 2355 1413 2422 plrraei
1421 2371 1480 2422 cup.
1490 2369 1556 2406 xrrn

323 2450 570 2519 (Post-reportare).
582 2457 647 2508 inde
660 2459 698 2508 itu
710 2460 797 2523 pergit
809 2458 883 2509 cod:

357 2551 440 2618 lgilm·
457 2570 520 2606 cum
549 2554 583 2606 de
609 2555 748 2621 llrnnbcrg
765 2554 887 2623 pluribus
914 2552 1038 2606 curribus
1066 2557 1217 2620 martyrum
1246 2551 1407 2620 corporibus
1436 2550 1558 2604 oneratis

324 2649 517 2715 processissent
529 2656 556 2702 et
573 2652 716 2720 hucusque
729 2652 785 2705 Deo
804 2651 964 2719 disponente
982 2650 1177 2720 pervenissent,
1187 2654 1245 2702 erat
1257 2665 1342 2717 prope
1354 2649 1448 2703 locum
1459 2648 1489 2702 in
1500 2665 1556 2717 quo
1574 2666 1605 2716 20

322 2763 394 2800 nune
407 2750 604 2803 monasterium
616 2768 679 2804 cum
698 2752 795 2803 ceteris
813 2750 933 2803 :edificiis
945 2749 1144 2803 honorabiliter
1162 2754 1205 2802 est
1222 2748 1556 2816 construetunr,quredam

322 2846 443 2900 solitaria
455 2849 504 2901 sed
512 2850 619 2903 lamus-a
631 2850 719 2912 Curia,
731 2850 809 2916 cujus
827 2854 891 2902 tune
903 2849 1071 2902 inhabitator
1088 2850 1191 2902 Ebbelce
1207 2848 1366 2910 vocabatur,
1379 2846 1407 2900 iu
1418 2851 1557 2916 tempora·

321 2943 395 2998 libus
412 2952 598 3013 competenter
623 2948 787 3009 abundans;
809 2948 844 3000 ad
867 2964 951 3016 quam
971 2946 1074 3000 scilicet
1091 2946 1195 2999 curiam
1214 2951 1337 2999 rectores
1357 2961 1487 2999 curruum
1506 2962 1556 3014 pro

321 3044 472 3097 meridiana
485 3047 632 3099 relectione
645 3048 829 3115 properabant
842 3053 869 3100 et
880 3046 980 3116 quiete.
999 3046 1118 3100 Diversis
1130 3050 1224 3098 tamen
1242 3045 1269 3097 in
1282 3044 1348 3098 locis
1361 3045 1435 3113 ipsos
1452 3061 1556 3106 curras,

322 3141 400 3209 equis
408 3143 442 3195 ad
452 3144 584 3210 pabulum
597 3144 692 3201 ductis.
703 3145 897 3219 relinquentes,
909 3144 1023 3197 ulterius
1036 3143 1108 3196 lacta
1119 3142 1288 3196 comestione
1298 3143 1445 3211 procedere
1457 3159 1556 3212 propo·
1574 3159 1605 3208 25

323 3241 432 3294 nebant.
445 3243 477 3294 Et
486 3243 588 3296 lactum
598 3249 639 3295 est
651 3244 716 3296 dum
729 3244 900 3312 paululuma
916 3243 988 3295 dieta
1004 3243 1079 3295 curia
1092 3242 1288 3310 processissent
1300 3243 1335 3295 ad
1347 3241 1439 3295 locum
1455 3242 1558 3295 sanctie

323 3341 489 3407 nrartyrihus
501 3342 625 3410 adeoque
638 3342 719 3395 saluti
732 3343 815 3396 totius
828 3343 911 3409 liujus
922 3342 1052 3394 territorii
1071 3345 1254 3409 praeparatum
1271 3342 1315 3395 vel
1331 3341 1556 3410 praeordinatum,

323 3439 437 3506 contigit
454 3444 483 3491 nt
499 3457 569 3507 quos
581 3440 729 3508 spiritualis
746 3439 873 3493 amicilia
886 3456 973 3492 nexus
985 3439 1013 3492 in
1025 3438 1082 3492 vita
1094 3439 1327 3491 eonioederarerat
1336 3438 1441 3491 illibato
1454 3438 1556 3491 loedere

323 3541 350 3589 et
367 3536 395 3590 in
412 3544 501 3592 morte
520 3546 616 3592 mutim
628 3545 769 3592 asservato
789 3555 836 3608 per
848 3538 1002 3607 provincias
1015 3555 1070 3591 uon
1084 3538 1302 3606 dispergerentur
1319 3553 1369 3590 nee
1387 3536 1556 3590 abinvicem

323 3643 522 3704 separarentur.
535 3643 562 3690 et
576 3643 605 3691 ut
616 3638 743 3691 homines
756 3638 783 3691 in
795 3638 847 3690 hac
858 3643 930 3690 terra
939 3643 1048 3690 sanctos
1059 3642 1193 3704 martyres
1205 3636 1307 3689 amoris
1325 3636 1444 3704 quadam
1457 3653 1556 3706 praero—
1574 3651 1606 3702 3⁰

323 3735 413 3803 gatira
423 3737 509 3805 magis
518 3737 660 3805 diligerent
670 3743 696 3791 et
709 3738 743 3790 ab
755 3737 858 3790 eisdem
871 3736 898 3789 in
911 3736 1003 3789 tuturo
1016 3735 1168 3803 spiritualia
1180 3752 1209 3787 se
1221 3735 1354 3788 beneficia
1367 3736 1503 3803 recepisse
1513 3735 1556 3789 rel

324 3840 480 3903 recepturos
492 3837 649 3903 gauderent.
658 3836 736 3889 Unde
750 3836 851 3889 laetum
870 3841 912 3888 est
923 3835 1074 3888 seeundum
1093 3834 1249 3888 divinorum
1267 3840 1436 3887 secretorum
1453 3834 1557 3901 judicia

325 3932 457 3997 miranda,
469 3936 543 4003 quod
553 3936 682 3989 continuo
692 3940 774 4003 guttae
791 3935 931 4004 sanguinis
948 3934 1113 3988 miraculose
1130 3934 1164 3987 de
1177 3939 1248 3987 terra
1260 3951 1344 4003 prope
1353 3950 1449 3987 currus
1461 3940 1556 3988 eontra

325 4038 399 4085 rotas
408 4050 502 4086 eorum
513 4033 642 4088 salientes
651 4039 742 4087 motus
752 4034 886 4102 impetum
898 4034 1051 4087 detinentes
1064 4033 1248 4103 impedierunt
1257 4033 1293 4085 ita
1307 4037 1344 4096 ut,
1355 4034 1379 4087 si
1392 4034 1484 4102 plures
1493 4035 1555 4103 equi

325 4132 440 4185 fuissent
457 4134 492 4186 nd
511 4151 596 4186 unum
615 4150 723 4187 currum
743 4134 916 4197 trahendum,
926 4133 1012 4199 juncti
1032 4150 1088 4186 uon
1107 4135 1261 4200 potuissent
1278 4132 1367 4200 ipsum
1385 4134 1483 4187 desuo
1495 4133 1556 4188 loeo
1575 4146 1607 4195 35

324 4246 385 4282 cunr
408 4236 564 4284 sanctorum
584 4231 705 4300 reliquiis
724 4231 842 4284 movisse
855 4231 952 4299 quovis
965 4231 1063 4289 modo:
1078 4231 1125 4283 sed
1139 4229 1301 4284 mirabiliter
1317 4232 1346 4283 in
1363 4235 1464 4284 terram
1477 4231 1555 4300 quasi

324 4331 503 4379 concaratam
513 4344 607 4381 currus
616 4328 822 4380 descenderunt.
833 4327 876 4380 Sic
887 4327 1049 4380 mirabiliter
1057 4332 1214 4380 sauctorum
1226 4343 1340 4395 corpora
1348 4327 1456 4395 sepulta
1464 4328 1556 4382 debita

325 4423 508 4487 veneratione,
520 4424 590 4477 sieut
602 4426 720 4493 expedit,
739 4431 921 4478 reservantur.
939 4426 982 4478 Ad
999 4424 1119 4489 laudem,
1131 4425 1245 4495 gloriam
1258 4430 1285 4478 et
1297 4426 1431 4479 honorem
1444 4427 1556 4481 Domini

324 4521 409 4575 nostri
421 4522 485 4575 lesu
498 4523 605 4586 Christi,
617 4523 663 4591 qui
677 4528 827 4591 martyrum
837 4539 884 4576 rex
897 4527 937 4575 est
950 4528 978 4576 et
989 4540 1098 4577 corona
1111 4524 1153 4578 Sit
1164 4524 1245 4592 igitur
1256 4524 1307 4593 ipsi
1324 4541 1387 4578 cum
1406 4526 1464 4579 Deo
1475 4526 1557 4580 Patre

276 4674 297 4708 β
308 4614 354 4695 {ei
362 4626 457 4674 saneto
469 4622 570 4690 Spiritu
582 4621 650 4685 lam,
660 4622 750 4675 honor
762 4626 789 4675 et
801 4620 896 4690 gloria,
906 4622 953 4690 qui
966 4623 1053 4676 trinus
1065 4628 1093 4676 et
1111 4639 1182 4675 unus
1199 4627 1248 4687 est,
1260 4623 1394 4677 mirabilis
1412 4624 1439 4677 in
1456 4626 1559 4680 sanetis
1576 4637 1608 4689 ω

266 4726 276 4773 “.
309 4704 382 4789 tsjis
394 4724 421 4773 et
431 4719 457 4772 in
470 4736 558 4773 aerunr
572 4720 740 4774 benedictus.
752 4719 849 4773 Amen.
