3270 5400
256 349 348 402 aran.
366 349 448 403 aaa.
465 350 638 402 anuxcac.
656 372 704 381 —
722 350 868 402 nerano.
887 351 933 400 ιι)
951 351 1030 401 coo.
1048 341 1087 401 n⁰
1104 335 1189 403 alst·
1284 330 1329 401 41

209 544 271 614 760
295 543 425 616 Passio
439 543 559 617 sancti
575 543 720 636 Georgii
734 544 812 638 (fol.
828 545 1039 637 tib-tid).

142 671 236 725 Versio
252 673 379 742 quadam
391 674 523 728 Actorum
536 692 597 744 quae
613 692 700 745 graece
711 675 866 743 conscripta
878 674 952 727 edita
964 678 1030 727 sunt
1041 675 1070 728 iu
1081 675 1139 728 Act.
1152 675 1206 738 SS,
1219 678 1285 728 tom.
1297 675 1334 728 111

110 769 215 839 Aprilis,
224 788 249 840 p.
258 788 313 826 xxv
324 789 383 842 sqq.
394 774 501 840 (Versio
513 775 599 828 latina
609 775 748 829 Francisci
760 774 820 829 Zini
832 773 971 827 invenitur
980 778 1046 826 tom.
1059 773 1111 836 cit,
1123 790 1148 842 p.
1159 774 1205 827 117
1215 774 1284 843 sqq.)

206 874 269 946 770
294 875 494 949 Altercatio
520 882 735 950 sanctorum
761 877 1017 968 apostolorum
1042 874 1140 947 Petri
1166 880 1203 947 et
1227 875 1335 948 Pauli
1432 876 1434 881 '

255 1012 341 1064 cum
360 992 521 1084 Symone
538 992 645 1084 Mago
663 993 740 1083 (sol.
760 991 973 1082 crof-aas).

142 1115 286 1171 Tractatus
293 1117 420 1183 Marcelli,
429 1119 520 1172 editus
528 1120 601 1188 apud
609 1119 774 1182 Fabricium,
783 1119 864 1172 Parte
874 1136 912 1181 111,
922 1136 946 1187 p.
956 1117 1072 1171 637653.

206 1220 269 1292 780
294 1219 424 1293 Passio
442 1220 562 1293 sancti
574 1220 673 1294 Petri
686 1221 764 1305 (fol.
779 1220 989 1312 tib-tta).

141 1348 221 1401 Liber
232 1349 244 1402 I
259 1351 403 1404 Tractatus
419 1352 452 1403 B.
464 1352 540 1416 Lini,
549 1353 736 1405 Romanorum
750 1352 894 1418 pontificis,
906 1353 1075 1418 depressione
1086 1352 1120 1403 D.
1131 1351 1206 1403 Petri
1217 1357 1241 1402 ct
1252 1351 1336 1403 Pauli

110 1448 146 1498 od
160 1449 283 1501 ecelesias
302 1449 451 1502 orientales
468 1448 507 1514 (in
524 1451 649 1502 Maxima
664 1450 829 1503 Bibliotheca
846 1457 963 1502 ceterum
979 1449 1103 1513 Petrum,
1120 1447 1249 1515 Lugduni
1262 1447 1334 1510 1677,
1385 1442 1388 1447 “

109 1549 174 1599 tom.
184 1546 217 1610 11,
229 1564 254 1614 p.
263 1549 360 1612 67-70).

206 1650 269 1721 790
294 1648 424 1722 Passio
437 1647 555 1722 sancti
568 1648 675 1721 Pauli
691 1649 768 1740 (fol.
784 1648 995 1740 tttl‘·t30*').

141 1777 333 1847 Fragmentum
348 1777 447 1831 librili
463 1778 529 1832 editi
546 1779 619 1841 ibid,
640 1795 664 1846 p.
685 1779 769 1831 71173.
788 1808 819 1816 -
839 1777 938 1847 Incipit
959 1799 965 1832 ι
987 1779 1054 1832 Cum
1074 1782 1210 1847 apostolus
1231 1781 1335 1833 Paulus

110 1881 261 1931 suscitasset
272 1879 434 1944 Patroclum,
451 1881 612 1945 pincernam
628 1880 754 1944 Neronis,
768 1886 893 1945 utsupra
909 1882 938 1931 in
953 1881 1071 1945 decadem
1090 1882 1205 1945 apostoli
1223 1880 1334 1932 Conver-

111 1976 180 2028 sione
190 1978 297 2043 legitur,
314 1984 377 2029 tunc
392 1978 497 2030 oblatus
513 1985 551 2029 cst
563 1980 661 2029 iterum
673 1978 785 2029 Neroni.
799 1978 870 2029 Nero
887 1984 975 2029 aretem
992 1985 1022 2029 eet
1039 1995 1099 2029 earn
1111 1980 1185 2039 vida,
1203 1979 1334 2030 celemen-

111 2077 209 2127 tissime
219 2075 254 2143 (p.
267 2076 307 2139 71,
316 2076 392 2128 coit
403 2079 470 2128 extr.
483 2076 516 2128 ad
529 2075 608 2129 flul...
621 2074 663 2128 Ob
675 2075 772 2127 avulsa
785 2075 849 2128 folia
862 2075 961 2128 desinit
971 2076 998 2128 in
1012 2076 1070 2128 cod.
1081 2095 1087 2128 :
1097 2079 1186 2144 ibique
1196 2079 1335 2129 irrerenietis
1408 2135 1411 2140 ,

112 2175 175 2227 duos
185 2178 257 2228 ciros
268 2184 384 2240 mantes,
399 2176 489 2228 Titum
501 2184 525 2228 et
535 2175 570 2243 (p.
584 2175 624 2239 73,
634 2175 684 2227 col.
696 2176 717 2238 l,
727 2173 773 2228 lin.
785 2175 833 2239 17).

451 2679 660 2791 Appendix
686 2680 735 2766 ad
761 2679 841 2765 cod.
870 2679 987 2767 7482.

153 2921 326 2978 ninacucu'n
347 2935 455 2978 seueri
476 2935 631 2979 nauuourr
651 2900 788 3005 asseris.
810 2916 890 2995 (Cir.
912 2934 1022 2997 supra,
1044 2935 1118 2996 pag.
1142 2916 1191 2991 35,
1214 2915 1293 2997 730.)

150 3127 181 3183 1.
204 3130 270 3183 Post
286 3128 323 3195 (1)
341 3128 428 3182 multa
440 3129 575 3196 siquidem
593 3129 722 3197 praeclara
734 3135 761 3182 et
778 3130 913 3197 stupenda
929 3129 1124 3182 miraculorum
1139 3128 1262 3196 insignia,
1273 3145 1334 3196 quaa

109 3241 250 3293 persuum
267 3223 404 3277 famulum
421 3223 594 3278 Maurontum
615 3225 705 3277 adhuc
722 3224 867 3278 mundales
884 3241 965 3277 auras
983 3228 1147 3292 carpentem,
1166 3227 1193 3277 et
1212 3240 1260 3291 pro
1279 3240 1334 3291 quo

106 3322 160 3389 jam
170 3325 275 3393 superis
288 3322 408 3376 admisso
425 3328 567 3392 operatam
579 3328 687 3377 constat
704 3324 807 3377 cunetis
819 3324 989 3376 tremendam
1007 3322 1146 3386 deitatem,
1157 3323 1184 3375 id
1197 3322 1334 3387 duximus,

107 3421 202 3477 francs
210 3423 352 3487 carissimi,
361 3423 482 3476 ecelesiae
491 3423 648 3491 suppliciter
656 3423 847 3487 intimandum,
856 3423 891 3475 ad
903 3422 1012 3475 laudem
1022 3422 1124 3475 scilicet
1133 3422 1203 3489 regis
1212 3422 1333 3475 caelitum

74 3533 89 3581 a
106 3523 177 3575 etad
188 3521 394 3583 aedificationem
409 3522 587 3585 audientium,
596 3523 669 3589 quod
682 3522 716 3574 de
726 3522 784 3590 ipso
797 3538 882 3589 nuper
892 3521 972 3574 nobis
984 3522 1104 3574 innotuit
1116 3520 1253 3588 agnitione
1263 3520 1334 3572 reri·

104 3620 172 3682 dica,
183 3622 218 3675 ad
235 3638 317 3675 aures
333 3621 448 3688 jamjam
466 3621 615 3674 multorum
636 3621 776 3675 evidenter
794 3621 942 3688 designata.
954 3620 1023 3674 Nam
1041 3620 1108 3673 nibil
1127 3619 1262 3672 credimns
1274 3619 1333 3672 sore

102 3719 247 3785 iocundius
258 3725 287 3774 et
296 3721 384 3789 magis
396 3721 549 3788 proficuum
561 3721 695 3784 Ecclesiae,
705 3737 789 3788 quarn
802 3721 895 3774 divina
904 3736 988 3789 opera
999 3719 1163 3787 proterendo
1177 3719 1185 3751 ¹
1199 3734 1261 3770 cum
1274 3735 1332 3787 gra·

104 3819 202 3874 tianun
219 3819 376 3874 actionibus
393 3819 522 3874 extollere
540 3826 568 3873 et
584 3820 739 3874 devotionis
756 3820 883 3873 laudibus
901 3819 1002 3887 passim
1021 3824 1048 3871 et
1065 3818 1168 3885 ubique
1185 3817 1333 3871 denudare.

103 3918 240 3985 Quoniam
252 3919 373 3988 quidem,
385 3923 416 3972 ut
427 3919 557 3986 scriptum
576 3923 625 3977 est.
634 3918 705 3988 regis
717 3919 861 3972 consilium
874 3918 962 3971 celare
975 3923 1003 3971 et
1020 3922 1109 3986 tegere
1123 3916 1216 3969 existit
1227 3917 1293 3969 utile
1306 3921 1334 3970 et

54 4030 84 4079 to
103 4019 259 4083 honestum,
276 4018 347 4087 regis
364 4023 457 4071 autern
474 4035 569 4086 regum
581 4034 681 4071 arcana
698 4034 848 4086 propagare
869 4022 897 4070 et
913 4017 1059 4070 extendere
1080 4016 1241 4091 honorabile
1259 4017 1290 4068 fit
1304 4021 1333 4068 et

103 4118 286 4185 gratissimum
299 4135 370 4186 :qua
379 4117 412 4170 de
421 4133 450 4170 re
462 4117 536 4186 quod
548 4117 741 4186 proposuimus
754 4117 948 4184 proterendum
962 4117 972 4148 ²
985 4117 1018 4168 de
1033 4116 1086 4168 hoc
1098 4120 1192 4168 nostro
1207 4120 1332 4182 patrono,

139 4330 148 4362 ¹
160 4333 213 4385 cod.
221 4331 401 4400 praeterendo.
414 4358 446 4368 -
458 4329 469 4362 ²
480 4332 535 4384 eod.
544 4330 755 4399 praelerendum.

136 4543 172 4609 (1)
184 4542 336 4610 Praeposita
346 4542 458 4595 esthaec
475 4547 541 4595 nota
557 4559 642 4596 manu
659 4542 742 4596 seculi
760 4542 807 4595 XV
827 4566 831 4591 ι
854 4544 912 4596 lloc
929 4545 1028 4609 tegitur
1047 4546 1073 4596 in
1093 4512 1136 4596 dic
1153 4545 1331 4608 processionis

103 4626 175 4678 cdlv.
188 4627 234 4679 Aa
245 4627 395 4679 metietinas
407 4627 541 4679 desereto
553 4627 705 4679 Mauronto.
717 4627 806 4678 Lectio
814 4629 917 4694 primu.
933 4626 966 4678 Et
983 4621 1073 4679 dirisa¹
1087 4630 1128 4678 est
1140 4629 1198 4678 tota
1210 4625 1330 4678 narratio

103 4705 242 4761 iuberem
251 4712 353 4776 partes,
361 4707 482 4763 numeris
491 4707 606 4777 margini
616 4708 758 4777 adscriptis
767 4707 916 4761 distinctas.
1000 4707 1002 4711 ’
