3270 5400
325 276 400 350 aad
668 294 795 347 carna.
821 294 926 346 cono.
950 290 1231 347 naoroonaemo.

325 487 373 552 les,
381 502 432 556 age
440 487 514 556 quod
525 487 591 556 agis,
601 502 714 555 operare
725 485 800 555 quod
810 484 939 554 operaris,
951 500 1008 539 non
1022 484 1058 540 sit
1069 484 1120 539 tibi
1131 501 1202 539 cura
1214 485 1237 539 si
1252 485 1313 554 quis
1325 490 1352 540 te
1364 485 1515 540 subsannet
1524 490 1552 541 et

326 586 445 652 irrideat,
454 585 477 639 si
488 583 550 653 quis
558 600 686 638 somnum
696 583 807 646 ameris,
819 600 875 651 quo
885 584 1041 652 frequenter
1050 583 1078 637 in
1087 584 1188 638 mentis
1196 583 1391 639 alienationem
1399 585 1552 651 abduceris,

325 685 455 740 ficticium
471 687 586 753 reputet,
604 683 627 736 si
643 683 705 751 quis
721 682 841 736 visiones
859 687 920 736 tuas
938 681 1124 751 phantasticas
1138 683 1249 752 judicet
1260 682 1344 737 Curre
1361 683 1397 738 ad
1412 683 1552 738 Christum

326 789 404 839 tuum
416 800 465 853 per
474 782 590 852 gloriam
601 786 630 836 et
640 781 847 851 ignobilitatem,
855 797 904 850 per
914 780 1056 835 infamiam
1067 786 1096 835 et
1103 782 1206 836 bonam
1215 781 1465 852 lamam,quoniam
1474 782 1553 851 quid·

326 884 393 954 quid
403 881 576 936 adversitatis
585 897 635 951 pro
647 881 745 935 dilecto
757 885 804 934 tuo
816 879 930 949 patieris
938 884 1028 934 totum
1040 879 1090 934 tibi
1099 880 1270 950 reputabitur
1282 881 1316 935 ad
1328 864 1454 949 gloriam.
1569 888 1585 938 t

365 985 462 1038 Ultimo
471 982 548 1035 aerbo
559 998 617 1049 cap.
626 980 728 1034 XVIII
737 982 800 1034 add.
811 998 821 1033 :

359 1081 430 1149 Quid
442 1080 529 1151 agitis,
541 1097 558 1135 o
569 1078 662 1133 miseri
673 1083 811 1132 amatores
823 1077 927 1143 muudi,
938 1078 1005 1147 quid
1016 1077 1114 1148 agitis?
1125 1077 1216 1145 Quare
1228 1083 1284 1132 tam
1297 1078 1428 1133 insensati
1440 1079 1506 1134 estis
1522 1084 1553 1135 ut

326 1180 426 1250 apertis
438 1180 524 1234 oculis
535 1179 651 1234 curratis
661 1178 697 1232 ad
713 1179 861 1243 internum,
873 1180 1024 1248 properetis
1041 1179 1077 1233 ad
1092 1183 1211 1233 mortem
1229 1182 1257 1232 et
1273 1183 1392 1233 mortem
1410 1179 1553 1249 sempiter-

327 1279 410 1332 nam?
426 1279 509 1332 Risus
528 1282 619 1332 vester
635 1277 724 1332 dolori
741 1276 909 1342 miscebitur,
926 1282 954 1331 et
971 1282 1095 1332 extrema
1111 1277 1271 1346 gaudiorum
1291 1282 1446 1333 vestrorum
1463 1277 1554 1333 luctus

327 1376 480 1444 occupabit
491 1375 519 1430 Si
528 1375 657 1445 possibile
669 1381 742 1429 esset
750 1374 829 1429 vobis
840 1375 932 1430 ridere
948 1391 1021 1430 nunc
1032 1375 1120 1445 qualis
1132 1375 1255 1429 internus
1266 1376 1309 1438 sit,
1321 1391 1377 1429 nou
1389 1377 1554 1445 pateremini
1573 1384 1603 1435 ro

327 1492 377 1530 vos
389 1474 486 1528 irretiri
499 1473 604 1542 laqueis
614 1472 723 1541 diaboli,
736 1473 783 1542 qui
795 1490 845 1527 ros
857 1490 951 1527 secum
963 1475 992 1528 in
1004 1473 1149 1528 tormentis
1166 1473 1331 1527 aetemaliter
1342 1473 1432 1528 socios
1448 1475 1554 1530 hahere

328 1572 471 1627 desiderat
483 1571 570 1625 Vultis
582 1572 664 1640 igitur
674 1572 744 1626 scire
756 1571 845 1639 qualis
856 1570 979 1626 iniamus
991 1571 1046 1626 sit?
1063 1572 1189 1626 Inlemus
1200 1572 1273 1627 latus
1285 1576 1327 1626 est
1343 1573 1402 1628 sine
1414 1590 1555 1641 mensura,

327 1672 478 1743 profundus
489 1670 547 1725 sine
557 1670 650 1734 fundo,
662 1669 759 1738 plenus
767 1669 865 1724 ardore
876 1668 1059 1734 intollerabili,
1071 1669 1168 1738 plenus
1179 1671 1276 1724 foetore
1286 1671 1504 1742 incomparabili.
1512 1674 1556 1730 Ibi

327 1770 446 1835 numeria,
457 1769 496 1823 ibi
508 1769 636 1830 tenebra,
647 1767 686 1821 ibi
703 1768 772 1821 ordo
783 1767 882 1831 nullus,
899 1767 937 1821 ibi
948 1768 1047 1822 horror
1058 1768 1249 1837 sempiternus,
1261 1769 1298 1823 ibi
1310 1770 1387 1825 nulla
1404 1787 1469 1840 spes
1480 1773 1556 1839 boni,

328 1869 403 1924 nulla
419 1867 572 1937 desperatio
589 1866 663 1920 mali.
674 1866 748 1920 Talis
760 1871 802 1920 est
813 1866 936 1920 internus
952 1872 981 1920 et
992 1866 1080 1921 milies
1096 1868 1180 1936 peior,
1191 1883 1275 1936 quem
1291 1869 1381 1937 qualis
1398 1871 1434 1925 sit
1452 1871 1557 1928 nullius
1574 1879 1606 1930 ts

327 1970 462 2039 cogimtus
475 1967 520 2022 rel
531 1982 621 2020 sermo
633 1965 865 2035 comprehendere
882 1966 992 2020 sufficit.
1009 1966 1107 2021 Redite
1123 1966 1205 2036 igitur
1221 1967 1314 2022 miseri
1331 1970 1558 2037 prevaricatores

327 2069 363 2122 ad
373 2084 429 2133 cor,
440 2071 468 2121 et
478 2069 691 2135 expavescentes
701 2065 737 2117 ad
754 2064 890 2120 cruciatus
902 2069 958 2119 tam
970 2064 1116 2120 horribiles
1127 2066 1266 2135 agnoscite
1283 2067 1370 2122 Deum
1383 2068 1558 2126 Salvatorem

328 2171 457 2230 vestrum,
469 2164 516 2235 qui
527 2181 577 2219 ros
585 2165 620 2218 ab
633 2164 735 2218 eisdem
747 2164 911 2218 cruciatibus
920 2164 1036 2219 redemit
1048 2165 1076 2219 in
1085 2165 1208 2235 patibulo
1218 2166 1306 2221 cruois
1316 2171 1342 2220 et
1351 2166 1432 2222 robis
1443 2168 1559 2226 delicias

327 2267 507 2336 sempiternas
524 2280 554 2318 se
565 2263 694 2318 daturum
711 2261 844 2332 promisit,
856 2263 880 2317 si
891 2267 984 2317 tamen
1002 2263 1037 2317 ad
1049 2263 1139 2333 ipsum
1150 2268 1210 2318 toto
1227 2265 1318 2331 corde¹
1327 2267 1454 2321 conversi
1466 2267 1558 2338 legem

327 2364 522 2418 mandatorum
531 2363 590 2430 ejus
602 2360 760 2415 custodiatis
770 2377 857 2431 usqua
866 2360 897 2415 in
905 2360 997 2415 linem.
1576 2375 1610 2427 ρο

362 2465 427 2532 Gap.
439 2463 579 2531 XIXpost
590 2462 671 2515 aerbo
682 2460 790 2514 visitare
800 2464 913 2514 venerat
924 2461 963 2528 (p.
971 2464 1023 2514 24⁷
1034 2463 1116 2526 med.)
1129 2463 1210 2516 add:

359 2560 498 2630 Numquid
508 2560 543 2614 de
554 2559 651 2614 ceteris
662 2558 802 2612 sororibus
814 2558 838 2612 ei
856 2574 922 2612 cura
939 2575 995 2613 non
1014 2560 1094 2613 erat?
1111 2539 1162 2614 sed*
1176 2563 1284 2614 tantum
1301 2561 1341 2615 illi
1356 2561 1410 2616 soli
1426 2562 1562 2619 assistens

327 2659 379 2716 soli
398 2659 543 2724 arridebat,
560 2659 648 2713 solam
668 2658 788 2727 gratioso
808 2663 919 2726 aspectu
936 2658 1101 2712 refovebat?
1118 2659 1186 2723 Non,
1202 2661 1252 2713 sed
1269 2661 1406 2716 interdum
1423 2678 1473 2732 per
1488 2664 1562 2719 refe·

327 2757 445 2812 otorium
457 2756 646 2822 deambulans,
663 2755 805 2820 nunciati,
823 2772 895 2822 nunc
912 2755 950 2810 illi
968 2756 1109 2810 modicum
1128 2761 1156 2811 et
1172 2757 1311 2813 modicum
1323 2776 1353 2813 se
1365 2762 1562 2829 presentebus

326 2856 479 2926 sepiusque
491 2871 630 2925 regressus
641 2855 677 2908 ad
687 2855 762 2908 illam
778 2855 848 2908 facie
863 2854 1012 2909 adfaciem
1029 2855 1167 2909 morosius
1182 2856 1207 2910 ei
1223 2874 1277 2926 prae
1292 2858 1389 2912 ceteris
1404 2860 1562 2917 assistebat
1578 2867 1613 2920 tt

326 2955 421 3010 llerito
438 2954 558 3023 quidem,
575 2955 707 3022 quoniam
725 2953 873 3008 ardentiori
891 2969 986 3008 amore
998 2958 1025 3008 et
1042 2954 1242 3010 vehementiori
1254 2956 1388 3011 desiderio
1399 2959 1490 3014 Deum
1504 2976 1562 3029 pra

326 3054 425 3109 ceteris
435 3053 656 3123 frequentissime
673 3053 817 3114 alliciebat,
834 3053 894 3106 Deo
912 3051 1064 3116 adhaerens,
1081 3054 1169 3108 Deum
1182 3053 1211 3108 in
1227 3071 1257 3108 se
1273 3055 1402 3111 trahebat
1419 3063 1448 3112 et
1465 3075 1483 3112 a
1500 3059 1562 3114 Deo

326 3152 355 3208 in
376 3154 464 3207 Deum
488 3156 547 3207 tota
571 3152 740 3207 trahebatur.
758 3151 871 3206 Sorores
891 3150 919 3205 in
940 3151 1083 3207 refectorio
1104 3152 1240 3207 materiali
1261 3154 1450 3223 corporalibus
1469 3158 1562 3227 epulis

308 3300 311 3305 .
326 3251 526 3315 reficiebantur,
539 3251 712 3306 reficiebatur
724 3250 769 3304 illa
782 3250 808 3304 in
824 3250 967 3305 refectorio
980 3250 1090 3317 amoris,
1102 3251 1236 3320 spirituali
1248 3253 1339 3308 edulio
1351 3257 1528 3324 pascebatur.

365 3351 465 3404 Ultimo
472 3350 549 3404 verbo
561 3350 679 3416 ejusdem
688 3366 746 3416 cop.
756 3350 838 3402 add:
1575 3362 1607 3415 3⁰

359 3447 415 3502 Nec
432 3447 551 3503 mirum:
568 3463 602 3501 ex
619 3446 691 3501 dulci
708 3446 843 3516 siquidem
860 3446 968 3501 visione
984 3447 1038 3501 sibi
1055 3451 1167 3501 ostensa
1183 3449 1326 3518 magnifice
1344 3451 1513 3518 confortata,
1524 3457 1560 3518 et,

324 3546 595 3616 tamquamadilecto
606 3563 656 3600 suo
665 3547 795 3615 poculum
807 3562 841 3600 ex
852 3546 917 3600 vino
929 3546 1040 3600 condito
1049 3546 1206 3615 accepisset,
1216 3549 1395 3604 vehementer
1403 3551 1552 3617 inebriata,

327 3664 391 3702 cum
409 3647 606 3701 abundantiam
618 3646 770 3711 suavitatis,
782 3663 837 3715 qua
854 3645 967 3700 interius
983 3645 1107 3715 saginata
1124 3651 1192 3711 erat,
1211 3647 1282 3702 serre
1293 3664 1350 3702 non
1359 3649 1476 3717 valeret,
1485 3652 1558 3707 vires

327 3746 450 3816 corporis
459 3745 559 3810 amisit,
571 3745 641 3799 sicut
652 3745 698 3799 ille
710 3746 752 3799 vir
763 3744 970 3810 desideriorum,
981 3744 1124 3800 Danielem
1136 3751 1261 3800 sanctum
1274 3747 1380 3817 loquor,
1393 3749 1443 3818 qui
1455 3767 1519 3805 cum
1531 3750 1557 3807 in

327 3846 418 3915 specie
428 3844 548 3899 hominis
557 3844 715 3907 Dominum,
727 3845 962 3913 quemadmodum
974 3843 1010 3898 ab
1022 3860 1056 3897 eo
1066 3844 1202 3910 scribitur,
1213 3844 1311 3902 habitu
1322 3847 1454 3903 exteriori
1465 3865 1557 3905 coram
1570 3852 1595 3905 a

326 3961 357 3999 se
368 3943 522 3999 mirabilem
532 3944 710 4012 conspiceret,
722 3947 844 3997 tremens
855 3959 886 3996 ac
898 3947 1011 4012 stupens
1019 3942 1088 3997 dixit
1099 3943 1134 3997 ad
1146 3959 1224 3997 eurn:
1237 3946 1352 3999 Domine
1361 3948 1409 4013 mi,
1418 3950 1451 4001 iu
1459 3951 1557 4004 τίτίοητ

326 4052 375 4098 tua
386 4046 522 4098 dissolute
532 4051 596 4097 eunt
607 4059 745 4111 eompapea
756 4059 818 4096 mee
828 4050 851 4096 et
865 4044 962 4109 defecit
971 4043 1106 4109 fortitudo
1122 4060 1189 4110 meo,
1198 4044 1319 4112 nihilque
1331 4047 1362 4097 in
1373 4062 1416 4099 me
1427 4051 1556 4103 remansit

326 4144 435 4195 virium.
444 4141 595 4195 Attendant
602 4141 663 4194 haec
671 4144 698 4194 et
707 4140 871 4195 erubescant
882 4141 964 4194 rudes
973 4145 1001 4195 et
1009 4156 1074 4194 rere
1083 4140 1185 4206 rustici,
1195 4147 1251 4195 tam
1261 4141 1313 4196 viri
1321 4158 1408 4212 quam
1420 4146 1554 4211 mulieres

326 4241 373 4309 qui
393 4256 454 4294 cum
467 4255 592 4309 grossum
605 4255 652 4293 cor
663 4239 774 4303 habent,
792 4245 822 4292 ut
834 4238 872 4292 ita
883 4239 981 4302 dicam,
994 4244 1022 4293 et
1037 4244 1096 4293 tam
1113 4239 1255 4310 copiosam
1272 4240 1366 4309 gratia
1381 4245 1558 4309 suavitatem,

326 4356 381 4407 qua
392 4339 420 4392 in
430 4355 571 4393 excessum
584 4337 684 4391 mentis
693 4353 801 4392 sursum
814 4337 915 4391 elevari
929 4342 1052 4407 possunt,
1063 4343 1091 4391 et
1103 4337 1208 4393 viribus
1225 4339 1349 4407 corporis
1367 4339 1566 4408 destituantur,

326 4438 431 4493 coelitus
443 4455 499 4493 non
516 4438 657 4507 accipiant,
669 4440 819 4492 sanctiores
831 4445 859 4493 et
878 4455 942 4493 vere
953 4440 1011 4494 Deo
1025 4439 1161 4508 digniores
1178 4456 1310 4509 personas
1328 4442 1492 4510 huiusmodi
1502 4461 1618 4515 qna-x

325 4538 393 4592 tiam
405 4538 538 4592 habentes
550 4538 722 4591 subsannant
734 4542 761 4591 et
773 4538 895 4603 irrident,
906 4538 1001 4607 eisque
1019 4539 1164 4593 detrahere
1175 4555 1232 4592 non
1244 4545 1374 4594 verentur
1391 4544 1625 4616 estimanteQ

325 4653 372 4690 aas
381 4653 429 4706 per
441 4652 583 4690 excessum
593 4636 832 4704 contemplationis
843 4653 899 4690 non
910 4636 1075 4702 obdormire,
1084 4653 1135 4691 nec
1148 4654 1289 4706 acorpore
1299 4637 1434 4695 alienatas
1443 4640 1619 4713 imka
