3270 5400
145 349 239 400 BIBL.
257 348 338 401 REG.
358 349 530 402 BRUXELL.
549 371 597 381 -
615 349 763 401 APPEND.
781 351 828 401 at)
846 349 1193 402 cosummatus.
1221 331 1293 404 499

60 554 113 593 nos
122 538 203 591 flatus
211 554 268 591 non
274 543 407 606 paverent
413 537 663 607 ampliusPulcher
671 538 739 592 ordo
748 537 785 607 pii
793 538 1031 592 doctorislnserto
1041 540 1180 594 mentibus
1189 541 1294 595 audito·

60 653 123 691 rum
135 636 240 691 semine
252 638 352 701 divino,
364 637 521 706 paenitentia
533 637 609 692 fovet
620 654 697 705 spem
710 637 773 692 fidei
785 638 922 706 germinis,
935 637 1068 708 signoque
1080 641 1169 693 crucis
1177 640 1296 708 signavit

59 735 123 790 illos
133 735 216 789 veluti
228 735 351 789 clausula
362 735 435 788 forti.
450 735 610 803 Tropheum
627 751 737 804 quoque
750 735 852 789 diaboli
867 740 1072 804 expugnaturus
1088 736 1115 790 in
1127 741 1253 806 serpente
1264 754 1294 792 se

61 831 236 900 premunivit
246 831 308 885 cibo
319 832 446 901 spirituli,
458 833 521 901 quia
534 848 616 885 nemo
635 830 708 885 valet
725 832 786 886 aliis
802 833 939 901 prodesse,
956 848 1006 887 nec
1023 833 1164 887 diabolum
1182 834 1294 889 allidere

29 939 43 987 s
59 928 230 983 nisicamem
241 929 341 983 Christi
348 930 492 993 vescendo,
501 929 528 983 id
538 934 581 982 est
588 930 718 984 omnibus
727 947 759 984 ac
768 930 792 984 si
800 931 851 984 sibi
860 931 975 985 salutem
986 931 1084 985 animas
1094 933 1154 985 aliis
1163 933 1293 998 obtunde,

59 1043 111 1096 pro
122 1044 179 1096 qua
190 1030 205 1058 ⁴
217 1029 342 1082 Christus
353 1029 493 1082 descendit
510 1029 543 1082 de
555 1029 632 1083 calo.
646 1030 718 1097 Ignis
730 1030 830 1083 etenim
843 1030 890 1099 qui
909 1031 1073 1085 conficiebat
1084 1031 1245 1085 sacrificium
1263 1033 1292 1086 in

59 1126 119 1196 lege
129 1128 214 1182 veteri
224 1145 256 1182 ex
268 1128 328 1196 ipso
339 1130 507 1197 procedebat
517 1128 604 1192 altari,
616 1130 690 1183 etde
702 1130 765 1198 igne
777 1129 852 1183 aurei
866 1129 979 1183 turibuli
989 1131 1067 1199 juxta
1078 1131 1211 1185 iohannis
1221 1133 1292 1200 Apo·

60 1225 181 1295 calypsin
192 1228 293 1281 terreni
302 1232 366 1282 sunt
378 1228 547 1293 inflammati,
557 1228 623 1296 quia
634 1245 667 1282 ea
676 1233 690 1257 ·
702 1229 761 1282 sola
772 1229 925 1283 intentione
941 1234 1006 1282 sunt
1017 1229 1179 1284 celebranda
1192 1231 1292 1285 Christi

58 1326 197 1394 mysteria,
207 1342 262 1395 qua
272 1327 330 1395 ipse
339 1328 494 1391 constituit;
504 1326 606 1381 scilicet
618 1328 773 1382 animarum
787 1328 876 1382 salute
893 1333 921 1383 et
936 1329 1096 1383 remissione
1108 1335 1292 1398 peccatorum,

14 1431 42 1480 to
58 1440 115 1479 non
132 1441 182 1494 pro
199 1426 300 1480 terreni
312 1428 500 1480 emolumento
511 1426 589 1486 lucri.
602 1443 636 1480 ne
647 1443 792 1495 pereamus
804 1428 875 1482 sicut
893 1427 941 1481 lilii
953 1427 1045 1481 Aaron
1058 1428 1178 1482 alienum
1191 1429 1293 1484 sacrifl-

60 1528 153 1578 cantes
166 1524 255 1592 ignem
264 1525 331 1588 Deo,
342 1525 369 1579 id
382 1531 423 1579 est
432 1525 514 1579 aliam
526 1526 707 1580 intentionem
720 1527 863 1581 habentes.
875 1526 898 1581 Ο
911 1526 1080 1582 admirabilis
1091 1528 1142 1581 Dei
1151 1533 1178 1581 et
1190 1529 1293 1583 incom-

58 1624 250 1693 prehensibilis
261 1624 363 1693 pietas!
375 1624 454 1691 Quod
470 1625 543 1679 enim
562 1625 686 1679 Christus
697 1625 806 1679 horarie
819 1631 947 1695 operatus
965 1631 1007 1680 est
1019 1627 1046 1680 in
1059 1643 1139 1681 cruce
1151 1628 1185 1681 de
1197 1628 1294 1683 mundi

59 1723 144 1778 totius
153 1723 248 1787 salute,
260 1724 313 1777 hoc
326 1724 398 1778 idem
411 1729 512 1778 sanctae
524 1725 673 1779 cottidiana
681 1724 740 1792 ejus
749 1726 885 1778 memoria
894 1725 1028 1793 passionis
1038 1727 1094 1794 agit
1102 1726 1130 1779 in
1139 1728 1294 1781 remotione

59 1821 242 1889 periculorum
263 1825 291 1875 et
306 1822 394 1875 salute
411 1821 574 1875 animarum.
590 1821 624 1874 Et
643 1821 707 1875 licet
726 1822 786 1875 hac
804 1827 979 1876 sacrosancta
1000 1823 1143 1877 videantur
1161 1823 1188 1876 in
1206 1824 1294 1892 prima

12 1922 42 1972 u
58 1935 170 1976 manem
181 1920 276 1988 ligura,
290 1923 384 1974 tamen
396 1920 602 1974 consecratione
613 1924 723 1989 peracta
732 1920 801 1974 liunt
812 1920 963 1988 spiritualia
977 1926 1004 1974 et
1016 1921 1117 1988 vitalia,
1129 1920 1201 1975 idem
1212 1938 1294 1975 verus

58 2017 178 2088 anguls,
188 2017 237 2088 qui
254 2017 384 2072 exlatere
396 2019 491 2072 lancea
509 2023 610 2087 puncto
620 2018 750 2087 profluxit
761 2018 912 2084 salvatoris,
927 2024 954 2073 et
971 2037 1035 2074 vera
1053 2037 1117 2074 caro
1135 2036 1196 2089 quae
1213 2036 1293 2089 passa

58 2120 100 2170 est
112 2115 141 2169 in
153 2117 241 2171 crucis
252 2118 384 2187 patibulo,
393 2135 455 2186 quae
464 2119 521 2186 jam
534 2123 628 2186 regnat
640 2119 668 2172 in
679 2118 765 2186 gloria
776 2119 946 2173 aeternitatis.

98 2214 173 2271 XV.
193 2215 326 2271 Sacerdos
342 2213 392 2268 Dei
413 2213 539 2267 Clemens
559 2214 607 2267 ubi
627 2230 658 2267 se
677 2213 779 2267 caelesti
797 2218 881 2282 atque
903 2213 993 2269 socios
1014 2214 1131 2269 munivit
1151 2215 1290 2281 libamine,

57 2329 158 2381 magns
170 2328 232 2365 cum
242 2311 417 2367 multitudine
426 2309 513 2377 plebis
525 2311 629 2364 circum
641 2325 671 2362 se
683 2309 804 2377 undique
817 2309 952 2374 vallantis,
965 2326 1015 2378 per
1026 2311 1187 2364 orientalem
1196 2326 1291 2381 proce·

10 2414 39 2464 ΞΟ
57 2411 98 2465 dit
108 2414 216 2480 portam
233 2409 316 2473 urbis,
329 2414 357 2462 et
368 2407 466 2466 Christi
485 2408 539 2462 tide
550 2407 626 2462 velut
642 2407 744 2462 calesti
756 2407 815 2461 sole
833 2407 984 2474 redimitus,
996 2408 1145 2478 lunamque
1153 2413 1290 2479 tempora·

57 2509 126 2563 lium
143 2508 355 2563 delectationum
375 2508 482 2562 habens
504 2507 556 2560 sub
576 2508 692 2575 pedibus
710 2506 850 2571 virtutum,
871 2506 1050 2575 intrepidus*
1070 2509 1235 2576 properabat
1255 2510 1291 2563 ad

57 2608 158 2661 theatri
178 2607 325 2671 anfractus,
345 2607 418 2659 unde
435 2605 614 2661 intolerabilis
632 2606 828 2660 refundebatur
846 2605 938 2674 pestis.
956 2606 1186 2674 Appropinquans
1198 2607 1291 2676 itaque

57 2707 120 2761 loco
138 2706 234 2759 beatus
251 2704 384 2769 Clemens,
397 2705 502 2773 reliquo
520 2705 614 2773 procul
627 2709 716 2758 stante
728 2703 837 2773 populo,
856 2721 920 2758 cum
946 2704 1028 2758 sociis
1044 2704 1117 2757 hanc
1134 2705 1289 2760 orationem

58 2805 129 2859 fudit
138 2804 172 2857 de
183 2802 301 2873 pectoris
310 2804 366 2856 imo
379 2823 385 2856 ε
398 2806 512 2857 Domine
527 2806 596 2857 Jesu
610 2805 724 2869 Christe,
733 2806 808 2857 Deus
817 2806 848 2857 de
860 2805 924 2870 Deo,
934 2806 982 2871 qui
993 2806 1049 2857 tuis
1061 2806 1131 2857 hanc
1139 2807 1292 2859 concessisti

10 2908 42 2957 tt
57 2905 183 2970 ditibus
189 2911 353 2971 potestatem,
367 2911 396 2955 ut
408 2919 510 2955 emicem
520 2903 628 2955 inimici
639 2910 766 2970 serperent
779 2905 914 2966 circuiens,
927 2911 1062 2970 serpentes
1074 2911 1097 2956 et
1112 2906 1220 2970 viperas
1232 2923 1293 2959 con-

58 3004 168 3068 culcertt,
179 3003 343 3055 iumriitctis
359 3009 456 3054 nostrae
467 3002 591 3067 precibus
608 3003 698 3054 adesto
711 3020 717 3054 :
729 3003 812 3053 istum
823 3001 857 3054 ab
876 3002 1009 3054 hodierno
1020 3003 1063 3054 die
1076 3003 1162 3055 locum
1174 3004 1207 3055 ab
1219 3007 1293 3057 omui

55 3109 131 3169 peste
146 3102 230 3154 noxia
249 3107 274 3153 et
289 3101 456 3167 serpentibus
474 3117 607 3168 expocrpu,
625 3107 654 3152 ut
671 3100 778 3152 sublato
796 3101 1011 3152 misericorditer
1018 3102 1173 3167 pestilentiu-
1184 3104 1294 3168 pietatis

58 3208 112 3254 tua
121 3202 224 3253 cundia
234 3201 470 3267 patescatpopatis
479 3201 607 3266 potentia,
619 3207 643 3252 et
653 3199 686 3252 ab
695 3200 830 3252 idolorum
843 3200 952 3251 liberati
964 3200 1071 3252 cultiora
1081 3200 1131 3252 tibi
1141 3201 1193 3265 fide
1203 3202 1293 3266 famu·

59 3300 259 3364 lenturdevota,
268 3300 391 3366 quiricis
404 3306 427 3351 et
438 3315 538 3365 regnas
548 3315 608 3351 curn
618 3300 761 3366 Decpotre
769 3306 793 3350 et
805 3304 896 3350 sancto
906 3300 1017 3363 flamine
1029 3302 1087 3351 sine
1098 3300 1158 3364 fine.
1170 3297 1293 3367 Respon-

10 3398 41 3450 30
59 3396 187 3450 dentibus
199 3395 332 3450 consociis
344 3413 430 3459 anien,
441 3396 518 3464 signo
528 3395 616 3449 crucis
627 3399 749 3449 armatus
758 3394 996 3463 amphitheatrum
1007 3395 1134 3449 sacerdos
1144 3395 1294 3464 ingreditur

58 3511 179 3549 securus.
191 3494 303 3548 Videres
318 3493 365 3547 illo
378 3494 496 3548 intrante
508 3495 632 3564 spiritum
646 3510 774 3563 nequam,
787 3493 831 3547 cui
843 3497 908 3546 sunt
920 3493 1059 3561 subjecta,
1072 3498 1207 3562 quantum
1219 3495 1293 3550 Deus

58 3592 192 3656 concedit,
202 3593 370 3661 serpentium
382 3598 481 3662 pestes,
496 3593 571 3647 ittam
589 3594 682 3647 statim
699 3594 738 3647 sic
750 3597 837 3646 totam
850 3591 1056 3645 multitudinem
1069 3591 1203 3645 excitasse
1213 3609 1292 3646 vene-

57 3695 160 3756 natam,
172 3695 203 3745 ut
214 3691 293 3760 quasi
305 3691 430 3745 certatim
447 3693 480 3745 de
496 3692 552 3746 suis
563 3693 732 3760 egredientes
744 3691 870 3745 cavernis
885 3689 989 3744 arcuati
1005 3693 1102 3743 cuncta
1123 3691 1292 3758 complerent

57 3790 233 3858 ampitheatri
241 3790 367 3854 aedificia3
376 3791 424 3844 sed
433 3791 606 3860 praesentiam
616 3791 795 3845 formidantes
804 3789 902 3853 sancti,
912 3788 988 3842 velut
996 3789 1102 3842 accensi
1113 3789 1225 3842 llamma
1234 3789 1292 3858 rogi

10 3890 40 3942 35
57 3905 87 3942 se
96 3888 274 3956 distorquere,
283 3894 366 3956 atque
377 3906 406 3943 se
418 3868 471 3943 hac
480 3896 508 3943 et
520 3890 581 3945 illac
594 3890 709 3953 vibrare,
719 3888 815 3943 sibilos
824 3887 984 3941 raucinosos
995 3888 1067 3952 dare,
1077 3887 1205 3955 effugium
1217 3889 1292 3956 quod

58 4002 115 4040 non
126 3987 327 4040 concedebatur
338 4004 472 4056 quaerere;
484 3989 549 4058 quia
558 3989 681 4042 divinum
698 3988 760 4041 illos
772 3987 889 4056 cogebat
902 3986 1057 4054 imperium.
1070 3986 1170 4039 Turbis
1181 3987 1292 4056 populo·

56 4101 119 4138 rum
131 4085 185 4138 hoc
196 4086 408 4151 attendentibus,
420 4087 603 4156 virtutemque
615 4087 678 4141 ndei
690 4086 840 4140 sacerdotis
851 4085 1029 4151 mirantibus,
1049 4086 1146 4138 beatus
1163 4087 1222 4155 ipse
1234 4085 1291 4140 Cle·

58 4199 137 4237 mens
152 4200 264 4237 securus
277 4184 311 4237 ad
330 4186 527 4254 amphitheatri
544 4191 669 4256 penetrat
687 4186 827 4250 interiora,
848 4184 1059 4252 maximumque
1076 4185 1243 4253 serpentium
1264 4185 1292 4238 in

57 4282 159 4336 Christi
179 4283 290 4336 nomine
314 4284 431 4353 imperat
450 4287 567 4354 prodire.
592 4285 644 4352 Qui
666 4301 778 4354 serpens
798 4300 876 4338 more
899 4282 1027 4337 anserino
1049 4282 1150 4336 collum
1173 4283 1291 4337 trisulcis

10 4381 39 4436 io
56 4382 192 4436 tumidum
205 4381 305 4451 linguis
317 4385 492 4452 progrediens
504 4386 624 4453 deponit,
637 4385 709 4439 etad
723 4384 836 4451 vestigia
851 4381 993 4436 reverendi
1006 4381 1154 4435 sacerdotis
1166 4398 1291 4450 procum·

58 4477 107 4543 bit,
119 4494 201 4546 quem
213 4478 289 4545 prius
297 4481 428 4536 invadere
437 4486 621 4551 temptaverat
631 4482 718 4537 hianti
729 4499 784 4536 ore.
801 4481 897 4537 XVI.
1218 4538 1228 4550 ,

100 4571 211 4629 xvn.
235 4573 368 4629 Sacerdos
384 4575 433 4628 Dei
444 4575 515 4629 stola
526 4592 609 4644 quam
621 4576 651 4628 in
669 4592 718 4629 suo
735 4576 861 4644 gestabat
873 4574 943 4629 collo
956 4579 1077 4643 accepta,
1090 4575 1224 4642 serpentis
1234 4591 1291 4628 cer-

58 4670 112 4725 vici
124 4687 207 4725 manu
219 4671 330 4740 propria
343 4670 492 4738 innodavit,
509 4686 593 4740 seque
610 4674 641 4725 ut
659 4687 710 4724 sua
729 4687 792 4725 cum
811 4669 987 4724 multitudine
1007 4674 1167 4738 sequeretur
1186 4670 1291 4738 potenti

1318 1033 1507 1106 *priusquam

1337 1232 1351 1263 *
1360 1235 1423 1288 add.
1433 1251 1496 1303 sup.

1336 1301 1385 1354 tin.
1394 1318 1412 1355 a
1423 1317 1496 1356 corr.

1337 2507 1352 2538 *
1363 2510 1394 2561 in
1405 2525 1491 2578 marp.

1365 2592 1383 2628 a
1394 2590 1464 2630 corr.
