3338 5394
201 302 273 375 309
538 323 663 374 carae.
691 323 804 375 cono.
820 320 1096 374 muraenarum.

234 512 269 565 Et
279 512 349 565 bene
361 512 444 580 hujus
461 510 581 565 nominis
589 510 817 580 significationem
827 510 885 580 ipsa
899 511 958 578 ejus
970 526 1055 580 opera
1066 510 1232 578 exprimunt,
1244 512 1292 579 qui
1306 510 1437 580 quotiens

200 612 235 666 ad
244 612 396 680 spargenda
408 611 514 664 semina
532 612 607 665 verbi
628 611 685 675 liei,
697 610 825 680 quotiens
841 610 876 663 ad
893 610 1029 680 plantaria
1041 610 1141 664 divinae
1158 610 1273 664 sationis
1289 611 1436 665 mentibus

200 710 330 765 humanis
347 710 490 764 inserenda
502 710 641 779 processit,
659 710 815 764 fructuosus
832 710 921 764 rediit
939 711 974 764 Et
993 726 1076 763 omne
1093 710 1214 763 studium
1227 727 1307 764 suum
1326 711 1362 764 ad
1380 710 1434 764 hoc

83 832 90 847 ·
199 810 341 879 negotium
352 810 495 870 convertit.
505 815 535 862 ut
546 826 656 877 semper
666 809 693 862 in
703 809 878 878 propaganda
886 808 974 877 plebis
983 808 1139 863 christianae
1150 811 1348 863 numerositate
1357 808 1434 863 labo-

199 913 272 962 raret
289 915 317 962 et
341 909 375 963 de
393 909 488 963 labore
508 926 559 963 suo
580 909 750 964 uberrimum
777 910 896 963 fructum
920 913 1080 978 reportaret,
1099 910 1229 977 quatinus
1249 908 1434 962 concordante

198 1008 293 1061 labore
304 1024 355 1062 suo
365 1024 428 1062 cum
441 1007 561 1071 nomine,
573 1014 601 1062 et
612 1009 780 1062 Fructuosus
789 1013 994 1077 nuncuparetur
1002 1008 1147 1073 vocabulo,
1156 1012 1182 1061 et
1195 1008 1352 1061 fructuosus
1361 1012 1435 1059 esset

200 1107 338 1162 inlaboris
349 1107 392 1161 sui
403 1107 543 1162 Fructuoso
555 1112 699 1177 proventu.
707 1107 759 1174 Qui
770 1124 802 1162 eo
815 1113 1009 1176 tempore,quo
1019 1106 1173 1160 Gallienum
1187 1123 1303 1160 romana
1315 1105 1434 1175 dignitas

199 1207 321 1260 habebat
339 1206 498 1276 principem,
515 1207 613 1275 agebat
635 1207 736 1276 etipse
755 1206 936 1276 principatum
958 1206 1128 1275 spiritualem
1146 1206 1219 1275 apud
1237 1205 1435 1274 Terragonam

200 1306 346 1375 llyspaniae
369 1306 517 1369 civitatem,
535 1312 563 1361 et
584 1305 711 1360 militiam
731 1307 847 1375 cogebat
864 1306 900 1360 ad
917 1311 1006 1359 castra
1024 1306 1126 1359 summi
1144 1306 1232 1374 regis:
1251 1305 1432 1374 nequeenim

199 1405 364 1459 defendebat
375 1411 467 1474 partes
479 1406 627 1475 supradicti
646 1405 783 1475 principis.
799 1405 841 1459 Illi
853 1405 928 1459 enim
946 1406 1117 1469 detrahebat,
1133 1422 1204 1474 quos
1216 1404 1317 1458 Christi
1328 1404 1433 1458 militie

199 1504 337 1558 scribebat
353 1510 381 1558 et
398 1505 558 1558 exarmabat
577 1505 658 1565 terro,
670 1505 736 1573 quia
754 1520 810 1558 non
829 1504 902 1557 terro
923 1509 1058 1573 pugnatur
1075 1520 1124 1572 pro
1137 1503 1254 1567 Christo,
1273 1503 1321 1556 sed
1334 1502 1389 1556 tide
1406 1508 1434 1556 et

200 1602 321 1656 veritatis
333 1603 501 1657 testimonio.

231 1701 320 1768 Quem
332 1701 472 1756 Gallienus
483 1702 598 1756 audiens
610 1703 667 1755 suis
677 1702 782 1771 legibus
799 1718 855 1756 non
867 1701 1030 1760 consentire.
1042 1718 1132 1769 neque
1150 1702 1217 1755 deos
1229 1701 1362 1763 venerari,
1374 1701 1431 1768 jam

198 1780 232 1854 de
254 1800 413 1868 hujusmodi
430 1800 666 1869 contemptoribus
685 1800 864 1855 discutiendis
882 1801 926 1854 rel
943 1800 1088 1869 puniendis
1113 1805 1224 1869 propter
1243 1799 1432 1853 assiduitatem

199 1900 279 1953 taedio
299 1900 394 1963 victus,
418 1900 592 1954 AEmiliauum
624 1900 772 1968 quemdam
799 1899 950 1969 praesidem,
975 1899 1144 1953 crudelitatis
1167 1917 1224 1953 suae
1246 1899 1431 1953 ministerium

198 1998 290 2053 subire
309 1999 381 2063 fecit,
399 2003 427 2052 et
447 2005 572 2053 sanetum
593 1999 641 2053 Dei
659 1999 840 2053 Fructuosum
860 1999 1093 2068 comprehendere
1111 1999 1248 2067 praecepit,
1261 2004 1289 2053 et
1306 2015 1370 2053 eum
1388 1998 1432 2052 vel

198 2096 373 2150 obedientem
393 2095 445 2149 sibi
470 2101 496 2150 et
514 2097 627 2150 deorum
648 2095 819 2149 venerationi
839 2097 956 2150 summis
980 2096 1133 2150 honoribus
1149 2096 1289 2160 extollere,
1307 2097 1349 2149 rel
1369 2112 1432 2149 con·

198 2195 376 2249 tradiceutern
389 2195 448 2248 sine
460 2195 516 2248 ullo
528 2200 654 2264 respectu
670 2194 764 2248 senilis
781 2194 941 2278 reverentiae
953 2195 980 2249 in
993 2194 1090 2248 mortis
1101 2194 1210 2249 exitiale
1218 2195 1352 2264 judicium
1365 2211 1431 2264 prae·

197 2294 319 2363 cipitare.

296 2423 360 2495 90ο
385 2420 519 2494 Passio
552 2421 588 2493 S.
623 2421 775 2512 Babylae
808 2419 979 2532 episcopi.
1012 2421 1120 2510 Quod
1159 2428 1213 2496 est
1240 2444 1314 2494 vl111
1348 2421 1430 2493 Kal.

345 2543 536 2618 Februarii
551 2544 629 2636 (sol.
649 2545 814 2635 bil-biti).

230 2693 323 2746 Passio
336 2693 369 2746 de
381 2708 436 2760 qua
453 2708 543 2760 supra.
556 2695 623 2744 tom.
639 2691 658 2753 Ι,
672 2707 696 2759 p.
712 2693 766 2749 llo.
783 2692 836 2745 97⁰.
853 2693 904 2745 Sed
918 2691 962 2745 hic
979 2693 1006 2745 in
1020 2692 1078 2745 cod.
1095 2691 1189 2745 Passio
1202 2692 1299 2744 mutila
1309 2708 1365 2744 non
1376 2697 1431 2754 est;

196 2792 260 2845 inde
271 2808 288 2844 a
299 2808 374 2844 num.
385 2792 403 2844 l
414 2791 484 2844 bene
497 2790 625 2843 convenit
637 2807 700 2844 cum
714 2791 844 2844 Passione
857 2792 930 2845 edita
942 2790 969 2845 iu
983 2795 1041 2846 Act.
1051 2793 1106 2853 SS..
1115 2792 1150 2844 ad
1162 2791 1188 2845 d.
1196 2792 1230 2845 tt
1238 2791 1306 2849 lan..
1316 2796 1384 2844 tom.
1397 2792 1432 2855 ll,

195 2908 222 2959 p.
235 2891 292 2944 571.
302 2918 334 2930 -
343 2890 439 2943 Sermo
448 2906 531 2958 quem
545 2889 621 2958 pueri
634 2891 721 2953 (num.
735 2891 777 2956 19)
789 2891 824 2944 ad
832 2890 952 2958 judicem
965 2891 1096 2945 habuisse
1109 2891 1242 2954 teruntur,
1251 2906 1284 2942 ex
1299 2891 1357 2943 rod.
1368 2889 1431 2943 talis

195 2994 236 3043 est
250 3009 256 3042 ε

264 3108 413 3160 Insidiator
424 3109 541 3173 malipne
552 3109 610 3158 noli
622 3108 698 3160 nobis
707 3110 863 3174 pranrittere
873 3115 981 3160 mortem
992 3125 1002 3168 ,·
1013 3110 1104 3159 amnia
1122 3109 1192 3158 enim
1211 3108 1282 3158 dona
1302 3115 1350 3158 tua
1371 3122 1431 3173 ope·

292 3205 370 3256 ribus
381 3206 566 3271 infernalibus
578 3213 735 3272 comparata
750 3206 911 3270 infernalem
925 3213 988 3257 areret
1007 3205 1210 3257 retributionem
1228 3212 1378 3272 receptura.
1391 3206 1432 3257 De

294 3303 392 3370 quibus
401 3306 471 3356 enim
481 3306 554 3356 dedit
563 3305 640 3356 nabis
650 3306 742 3357 doctor
750 3306 839 3370 sipha,
848 3305 945 3356 cairate
952 3306 1067 3370 perfecti
1078 3321 1181 3368 suanae,
1190 3313 1213 3355 et
1223 3304 1366 3370 objicimus
1379 3305 1431 3355 ista

293 3410 377 3455 mente
394 3418 451 3470 quere
467 3410 505 3455 est
520 3405 622 3466 fortior
638 3409 720 3455 arrae
741 3404 840 3455 Parati
857 3405 927 3455 enim
946 3420 1041 3455 sicarius
1054 3406 1125 3455 mari
1138 3411 1253 3471 propter
1266 3404 1352 3455 Deum
1370 3420 1429 3453 cnm

293 3517 368 3553 serso
381 3502 433 3553 Dei
440 3509 549 3568 pastore
558 3509 658 3554 nostro.
670 3503 755 3554 Putas
764 3504 843 3567 enim,
856 3504 921 3569 prtia
934 3519 983 3555 nos
995 3505 1132 3570 separasti
1146 3504 1179 3555 ab
1196 3520 1233 3566 ro,
1245 3505 1350 3555 vincere
1359 3505 1431 3554 rios?

293 3601 346 3652 Per
359 3600 465 3653 Filium
479 3600 529 3652 Dei
546 3603 595 3667 qui
610 3608 694 3666 potest
710 3609 845 3667 pastorem
859 3610 989 3665 nostrum,
1001 3603 1159 3669 ulricmnque
1169 3604 1265 3667 fuer-it,
1274 3609 1297 3654 et
1310 3590 1358 3654 nos
1370 3619 1430 3653 cunr

293 3717 322 3753 ea
333 3700 450 3752 liberare.
462 3701 494 3751 de
506 3701 690 3766 coinquinatis
702 3702 828 3753 manibus
840 3705 916 3765 tuis,·
929 3704 978 3769 qai
989 3709 1012 3753 rt
1024 3703 1072 3754 leae
1083 3709 1186 3769 tempas
1198 3709 1305 3754 innatare
1316 3703 1431 3753 celerina

292 3801 399 3866 poterit,
416 3815 470 3851 non
491 3815 622 3866 nepamus
634 3800 728 3863 Deum,
746 3818 830 3868 neque
842 3803 1037 3865 conforndirnns
1050 3807 1187 3868 pastorem
1206 3809 1430 3863 acarasseorum

292 3906 344 3951 tem
360 3914 415 3965 pro
433 3914 512 3963 areae
535 3914 585 3950 suo
606 3915 810 3967 raequemqnam
828 3902 934 3966 perdat.
955 3899 1054 3952 Omnia
1067 3904 1159 3952 aulem
1182 3899 1312 3952 audiebat
1332 3899 1429 3952 beatus

293 3995 420 4064 Babylas‚
430 4012 493 4049 cum
506 4000 579 4049 esset
591 3995 618 4049 in
631 3996 724 4051 cella...

293 4122 356 4194 910
382 4120 513 4194 Passio
544 4121 580 4194 S.
612 4122 822 4217 Theogenis
852 4125 1039 4217 martyris,
1073 4147 1121 4196 ra
1152 4125 1208 4197 Kl.
1239 4123 1429 4196 Februarii

341 4245 419 4339 (iol.
435 4246 599 4337 59r-or).

227 4393 306 4446 Edita
318 4393 345 4446 in
363 4395 421 4446 Aa.
431 4392 486 4456 SS„
504 4393 538 4445 ad
558 4393 584 4445 d.
601 4392 696 4454 iilam,
708 4397 774 4445 tom.
787 4392 806 4456 l,
819 4409 864 4460 pp.
878 4393 932 4454 i3l,
946 4393 1007 4455 la'a
1028 4409 1093 4446 num
1110 4395 1120 4446 l
1135 4397 1197 4460 post
1208 4412 1217 4445 :
1229 4394 1335 4445 Licinii
1343 4410 1428 4460 paya-

193 4494 304 4546 nissimi
312 4494 447 4558 tyrannm'
458 4491 519 4544 add.
532 4491 560 4544 in
573 4492 633 4545 cod.
647 4510 653 4544 :
670 4494 719 4560 qui
733 4509 794 4544 cum
811 4494 909 4559 collegia
931 4509 980 4545 sno
1001 4493 1177 4545 Constantino
1193 4509 1285 4560 pacem
1302 4492 1429 4544 christia-

192 4609 258 4644 nam
265 4590 420 4657 patiebatur
428 4608 483 4644 esse
496 4593 623 4658 quietam,
635 4593 771 4644 dissidens
782 4608 844 4644 arro
852 4592 886 4644 ab
895 4594 954 4659 ipso
966 4594 1194 4657 macomariam
1207 4593 1427 4645 Christianorum

193 4692 389 4757 infestationem
403 4691 545 4743 transtulit
557 4691 701 4745 discordis
709 4707 764 4745 aare
773 4692 908 4758 furorem.
