3270 5400
92 1517 106 1548 ⁸
123 1517 265 1584 nepertia.

81 1589 172 1641 omem
194 1598 278 1636 manu

90 1653 134 1706 rel
145 1648 272 1720 pugilem.

92 1719 107 1751 *
124 1734 207 1787 super
219 1717 267 1769 tin.

103 1791 161 1842 ead.
172 1804 257 1841 manu

93 1853 136 1907 vol
145 1853 266 1922 parilem.

93 2017 157 2070 *au
220 2018 268 2069 lin.

156 2122 163 2135 .
174 2098 259 2134 manu

112 2147 157 2202 vel
168 2147 250 2216 pugil.

298 269 372 343 478
581 291 584 295 ·
636 288 762 340 curan.
788 287 892 339 cono.
917 284 1195 338 nraroanarmc.

401 483 436 553 1⁰
461 480 514 553 De
530 478 670 551 domno
695 477 857 551 Werrico
875 477 1065 569 quondam
1085 476 1193 550 Alnae
1215 474 1337 570 priore
1364 475 1439 571 (fol.
1460 477 1533 550 72¹-

448 594 532 690 aar).

334 726 413 780 Edita
425 741 515 793 supra,
532 729 598 778 tom.
611 724 630 789 l,
643 741 667 792 p.
679 725 729 776 445
743 739 816 791 sqq.;
826 723 854 776 in
871 723 908 776 fin
922 722 982 776 add.
1000 723 1057 776 Vox
1069 724 1180 776 ecclesio
1199 723 1400 776 Geaibloceiiaia
1421 723 1451 774 in
1463 722 1533 775 obitu

301 828 393 880 durani
406 823 564 890 GIuibcrti]
577 824 688 876 abbania.

506 920 585 998 Quis
600 919 678 984 mihi
691 919 805 984 fundat
821 937 943 1001 aquam
954 917 1173 1001 lacrymarum
1190 917 1279 982 fonte
1295 914 1436 994 canenti,

465 1021 547 1084 Cum
563 1019 642 1083 mihi
656 1037 865 1100 nequaquam
880 1018 1005 1100 prosint
1019 1017 1136 1082 solatia
1150 1017 1269 1082 ilenti?

466 1119 594 1201 Sponsa
609 1117 724 1195 virum,
739 1120 846 1181 mater
859 1119 990 1198 raptam
1004 1116 1083 1180 mihi
1098 1117 1192 1198 lugeo
1206 1116 1351 1198 prolem:

466 1217 530 1280 Vos
546 1217 664 1299 quibus
680 1217 748 1297 ipse
763 1218 866 1298 pater,
882 1219 1026 1280 vestrum
1041 1215 1269 1280 tenebrescere
1283 1215 1399 1279 solem.
1508 1243 1511 1247 ·

467 1316 523 1380 Sol
539 1315 714 1380 Guibertu's
730 1317 809 1391 erat,
821 1334 919 1397 quem
933 1314 1041 1380 lucida
1051 1314 1169 1379 semita
1182 1333 1312 1378 morum

467 1409 659 1494 Exemplum
673 1411 816 1490 dederat,
829 1411 872 1475 ad
887 1412 985 1476 eorda
1000 1411 1142 1494 regenda
1157 1430 1302 1476 suorum.

468 1513 509 1576 Et
523 1530 610 1576 nunc
623 1511 688 1574 hen
703 1510 860 1591 vigilem*
875 1511 964 1593 rapis
979 1511 1065 1575 hunc
1078 1529 1167 1575 mors
1181 1509 1293 1574 invida
1306 1509 1442 1589 mundo,

469 1610 569 1693 Cujus
584 1629 642 1693 ego
654 1608 791 1674 similem
806 1609 900 1674 *non
912 1610 973 1674 sim
984 1609 1130 1692 paritura
1144 1609 1296 1674 secunde.

468 1707 532 1774 Dat
543 1709 632 1793 quod
647 1708 746 1774 debet
754 1709 865 1787 humo,
877 1709 935 1774 sed
950 1707 1081 1790 spiritus
1096 1709 1219 1773 aethera
1234 1708 1372 1773 scandit.

471 1808 517 1873 De
528 1828 592 1891 quo
607 1825 770 1890 praesumo
784 1807 873 1891 quod
886 1808 914 1871 ei
925 1808 1043 1872 Petrus
1054 1807 1137 1872 ostia
1151 1806 1275 1890 pandit,

469 1907 503 1972 Si
518 1907 622 1990 pietas
637 1905 759 1971 sineret
773 1925 862 1970 rerer
876 1925 943 1970 non
958 1926 1028 1971 esse
1043 1905 1231 1985 dolendum,

468 2006 551 2071 Cum
565 2004 610 2069 nil
621 2005 797 2087 negligeret
810 2004 884 2086 vigil
899 2003 1000 2083 *ista
1015 2005 1102 2087 quod
1118 2009 1204 2070 esset
1218 2003 1393 2087 agendum.

470 2104 571 2187 Cujus
582 2123 642 2186 pro
654 2102 766 2187 requie
781 2103 882 2167 lector
893 2122 967 2168 cum
979 2102 1110 2167 sedulus
1122 2122 1206 2182 oras,

470 2202 524 2268 Sic
535 2202 660 2267 orando
672 2201 724 2283 pie
736 2221 795 2284 pro
811 2204 844 2266 te
859 2202 962 2283 magis
976 2201 1047 2283 ipse
1060 2201 1203 2267 laboras.

405 2322 443 2394 b⁰
468 2321 598 2394 Passio
612 2321 647 2393 S.
662 2318 852 2394 Eustachii
865 2319 1039 2412 martyris
1052 2319 1126 2414 (sol.
1144 2319 1351 2415 runnu).

340 2451 402 2504 Vita
420 2456 534 2505 auctore
558 2450 638 2504 Petro
659 2448 790 2505 Remensi
814 2449 887 2503 edita
910 2450 938 2502 in
961 2450 1068 2503 Noticea
1094 2459 1118 2503 et
1146 2451 1274 2503 Eoetroita
1296 2452 1345 2504 dea
1364 2451 1534 2512 muenia,

306 2555 373 2605 torn.
382 2550 474 2614 XXXI,
484 2554 554 2618 part.
564 2566 580 2613 1,
590 2550 708 2618 pot-78.

405 2653 442 2723 3⁰
467 2650 598 2724 Passio
617 2651 678 2723 Sile
695 2648 848 2741 Agnetis
861 2648 1013 2742 virginis
1031 2648 1105 2743 (fol.
1127 2650 1350 2746 ltu-llo),

338 2779 401 2834 Vita
422 2784 534 2835 auctore
552 2779 709 2834 Hildeberto
729 2779 930 2834 cenomanensi
947 2778 1021 2832 edita
1036 2779 1110 2847 apud
1127 2777 1222 2847 iligna,
1234 2779 1263 2833 P.
1281 2779 1320 2844 L,
1338 2782 1407 2834 tom.
1425 2777 1533 2840 CLXXI,

306 2894 331 2947 p.
344 2879 409 2932 1³07
421 2895 479 2948 sqq.

344 3330 485 3418 GGXX.
515 3330 639 3418 (lodex
665 3325 770 3441 apud
796 3329 843 3416 D.
872 3329 1070 3440 Phillipps
1097 3330 1285 3441 signatus
1311 3348 1354 3418 n⁰
1382 3332 1500 3421 4627.

338 3549 478 3603 Foliorum
492 3550 549 3613 130,
566 3549 662 3602 lormae
675 3548 789 3601 minoris
802 3549 906 3612 (0¹³¹,l3t
920 3557 945 3604 ><
959 3551 1054 3615 ulra),
1067 3549 1147 3603 lineis
1159 3548 1254 3618 plenis,
1266 3549 1336 3618 stylo
1349 3550 1441 3605 terreo
1453 3552 1537 3605 ductis

307 3648 436 3717 adupliei
450 3663 534 3702 manu
544 3663 598 3701 sec.
607 3647 643 3700 Χ]
655 3651 782 3700 exaratus
791 3666 797 3711 ;
816 3647 857 3700 uti
873 3651 948 3715 patet
966 3664 1029 3716 pars
1046 3649 1120 3717 prior
1137 3649 1256 3717 pertinet
1272 3648 1308 3701 ad
1325 3648 1373 3703 fol.
1383 3651 1439 3714 903
1456 3650 1538 3704 altem

307 3746 342 3800 ad
355 3742 401 3800 iol.
412 3745 477 3800 lffi‘.
488 3743 573 3798 Tituli
582 3744 712 3799 rubricati
724 3744 846 3812 itemque
856 3742 953 3798 littera
965 3745 1091 3812 majores.
1110 3745 1167 3800 l'ot
1180 3746 1204 3798 lr
1216 3745 1353 3815 descripta
1364 3753 1431 3802 sunt
1442 3749 1470 3803 1·
1481 3747 1537 3803 hae

308 3830 393 3898 verba
403 3863 409 3898 :
418 3844 502 3897 Liber
514 3845 616 3897 Sancta
625 3845 722 3896 Maria
733 3845 764 3896 de
777 3845 851 3896 Atrio
857 3862 867 3908 ,·
878 3844 906 3896 2⁰
915 3842 1113 3898 contentorum
1127 3844 1208 3898 index
1220 3860 1254 3898 ex
1263 3861 1320 3913 quo
1330 3861 1478 3901 monemur
1486 3863 1538 3901 non

308 3948 415 3997 tantum
429 3943 596 3997 documenta
609 3944 679 3997 inira
691 3945 812 3997 notanda
828 3944 877 3998 sod
889 3945 1087 4012 Hieronymum
1107 3948 1137 3998 in
1155 3946 1306 4012 Didimum,
1319 3946 1498 4001 Paschasium
1510 3949 1539 4001 de

307 4042 415 4108 Spiritu
427 4042 524 4094 Sancto
537 4045 565 4094 et
582 4040 742 4107 Gregorium
761 4044 790 4094 in
806 4040 919 4094 Cantica
934 4043 1109 4096 Conticorum
1121 4041 1149 4095 in
1170 4042 1230 4096 cod.
1242 4042 1386 4096 continent
1396 4043 1442 4098 Ad
1459 4043 1538 4097 linem

309 4139 473 4208 descriptum
497 4144 539 4193 est
569 4139 753 4207 fragmentum
777 4140 899 4208 epistolae
920 4139 1044 4194 Ansebni
1065 4140 1256 4195 laudunensis
1279 4141 1315 4195 ed
1338 4142 1538 4197 Heribrandnrn

308 4237 399 4291 Sancti
411 4237 550 4291 Laurentii
563 4237 722 4290 Leodiensis
735 4237 873 4301 abbatem,
881 4239 961 4292 editae
973 4239 1046 4307 apud
1056 4239 1152 4308 iligna,
1159 4239 1189 4293 P.
1198 4239 1237 4304 11,
1248 4244 1316 4304 tom,
1329 4240 1433 4306 Cthl,
1445 4258 1471 4311 p.
1479 4241 1538 4295 1587

309 4352 376 4403 sqq,
388 4341 470 4404 atquo
487 4336 595 4389 initium
608 4335 692 4389 libelli
713 4335 857 4401 censualis,
869 4336 897 4390 in
918 4353 974 4406 quo
995 4341 1096 4392 notatae
1117 4338 1310 4392 crantchartae
1333 4339 1362 4393 in
1383 4340 1539 4394 monasterii

310 4435 422 4489 archivo
435 4441 581 4489 asservata
591 4452 623 4488 ac
636 4435 749 4489 decunoe
758 4435 904 4490 solvende.
913 4437 1041 4491 lndicatae
1053 4441 1117 4492 sunt
1129 4437 1157 4492 in
1168 4438 1223 4492 hoc
1240 4439 1395 4506 fragmento
1407 4442 1501 4496 Kaisa
1510 4442 1540 4493 dc

310 4534 450 4597 Pontoreia,
460 4535 554 4588 Karta
570 4536 602 4586 de
623 4535 747 4596 Beoaart,
760 4536 864 4590 doctina
881 4539 913 4590 dc
931 4535 1046 4602 Vetcurt,
1058 4539 1164 4593 &dmm
1179 4539 1212 4591 de
1228 4538 1372 4604 Fomenta,
1389 4540 1496 4594 dicim
1510 4539 1539 4591 di

310 4633 436 4687 Bcaaart.
