3270 5400
174 303 249 377 228
512 325 639 377 cursa.
664 325 770 377 conn.
794 325 1075 380 marocnsrmc.

175 513 310 567 accedens
327 512 363 566 ad
380 489 468 567 annos
486 517 611 568 maturos
627 519 686 567 tam
703 514 818 568 scientia
838 530 921 583 quam
942 519 1031 580 aetate,
1050 515 1209 570 scholarum
1227 517 1348 586 regenda

175 626 271 666 curam
279 611 392 681 accepit
411 611 575 680 Huiusmodi
587 612 709 667 officinm
723 629 863 677 exercens,
874 613 973 668 divites
987 619 1015 668 et
1031 630 1167 684 pauperes
1177 616 1237 669 siue
1248 624 1349 686 except

176 725 358 779 personarum
370 710 558 765 indifferenter
570 711 706 765 instmrit.
723 712 751 766 Si
769 712 832 780 quis
849 712 929 767 honis
942 713 1066 768 moribus
1083 719 1111 768 et
1128 730 1223 768 amore
1240 715 1349 770 discend

176 809 294 864 reddidit
305 809 459 873 meliorem,
467 809 503 864 ab
511 826 546 864 eo
556 810 644 880 magis
653 811 769 865 dilectus
780 812 894 879 maioris
904 812 1024 867 scientia
1033 814 1138 883 accepit
1152 814 1349 870 incrementum

176 908 307 962 omnibus
325 924 446 977 quoque,
463 909 565 977 quibus
576 909 703 964 astrictus
721 910 812 964 iuerat
828 911 1018 977 contubernio,
1029 912 1127 967 intimo
1144 913 1291 968 amabatur
1302 915 1349 969 adt

176 1006 307 1062 Omnium
316 1008 390 1061 enim
400 1007 549 1076 gratiarum
559 1008 672 1078 largitor
681 1025 743 1062 eum
755 1009 841 1078 gratia
851 1010 1024 1066 discretionis
1032 1011 1188 1076 illustravit;
1197 1018 1226 1066 et
1233 1013 1286 1067 sub
1294 1030 1349 1068 secr

176 1104 322 1173 chlamyde
332 1103 463 1174 quiddam
473 1105 585 1174 gerebat
595 1104 720 1159 divinam
733 1105 762 1158 in
774 1113 874 1161 mente.
886 1107 1070 1163 Ecclesiamm
1081 1109 1262 1179 omniumque
1274 1111 1349 1179 perti

177 1202 246 1257 tium
260 1202 296 1256 ad
308 1202 433 1257 divinum
452 1203 573 1257 officium
592 1208 652 1257 erat
668 1208 784 1267 amator,
802 1204 954 1259 coenobitas
969 1222 1081 1276 quoque
1098 1211 1126 1261 et
1142 1224 1334 1278 quoscumque

176 1299 293 1372 gi0s[os]
315 1301 391 1355 omni
411 1301 502 1355 studio
525 1302 678 1356 conabatur
697 1303 831 1367 venerari,
850 1308 879 1357 et
895 1304 998 1374 religio,
1013 1322 1075 1374 quae
1092 1311 1158 1360 tuuc
1175 1306 1308 1376 temporis
1325 1308 1349 1361 al

177 1399 328 1470 plurimum
341 1406 382 1454 est
395 1400 502 1465 dilecta,
513 1406 576 1471 post
587 1401 646 1455 haec
663 1418 697 1455 eo
715 1401 844 1456 columna
861 1403 961 1457 domus
977 1404 1027 1458 Dei
1045 1406 1188 1469 existente,
1206 1422 1223 1459 a
1239 1406 1349 1476 maligni

179 1504 303 1553 sanctam
316 1498 460 1554 ecelesiam
472 1501 691 1569 perturbantium
699 1505 794 1555 manet
805 1502 926 1556 defensa.

219 1597 254 1654 4.
278 1597 326 1652 Vir
337 1597 429 1666 itaque
437 1595 601 1650 venerabilis
610 1595 670 1650 Odo
679 1596 755 1651 omni
765 1598 912 1652 conamine
923 1598 1062 1653 nitebatur
1072 1599 1182 1654 Christo
1192 1599 1296 1666 rivere,
1308 1608 1337 1656 et

90 1738 97 1752 .
179 1701 252 1752 esset
271 1695 364 1750 minus
385 1692 516 1762 locuples,
527 1697 661 1761 quantum
675 1692 833 1746 facultatula
845 1709 896 1747 sua
908 1693 1016 1748 sinebat
1025 1696 1047 1759 ⁸¹,
1059 1695 1188 1750 omuibus
1200 1713 1317 1751 manum
1329 1699 1347 1752 b

178 1794 306 1851 dictionis
318 1793 455 1864 porrigere
466 1789 616 1861 satagebat
628 1792 693 1845 Erat
705 1791 788 1846 etiam
802 1792 939 1862 invigiliis
947 1793 1065 1858 sedulus,
1075 1795 1104 1849 in
1113 1795 1238 1849 oratione
1248 1796 1349 1851 derotu

178 1893 293 1949 caritate
304 1892 450 1962 perlectus,
461 1890 490 1944 iu
501 1890 658 1944 humilitate
669 1890 806 1960 profusus,
819 1891 846 1944 iu
860 1892 984 1946 doctrina
996 1893 1147 1962 precipuus
1159 1899 1187 1947 et
1195 1910 1349 1965 sermones

178 1998 231 2055 tus,
243 1993 272 2047 ia
280 1990 420 2047 locutione
432 1994 536 2052 cautus,
550 1989 579 2043 in
588 1988 797 2043 conversatione
806 1990 1002 2056 sanctissimus,
1012 1990 1040 2045 in
1052 1991 1127 2045 duris
1138 1991 1313 2061 passionibus
1325 1995 1349 2048 lc

178 2091 290 2164 gerebat
302 2089 387 2145 etiam
398 2088 600 2157 simplicitatem
620 2087 763 2152 columbae,
775 2087 837 2143 licet
849 2089 964 2144 diversis
975 2089 1082 2159 injuriis
1093 2090 1243 2159 plurimum
1257 2098 1349 2147 essetr

178 2199 246 2257 ctus,
258 2209 294 2247 ue
302 2188 496 2260 injuriantibus
508 2189 560 2244 sibi
572 2188 778 2243 machinaretur
788 2189 875 2255 dolos,
884 2190 932 2244 sed
941 2206 990 2244 eos
998 2190 1074 2244 omni
1082 2191 1255 2245 humanitate
1267 2192 1349 2247 tolera

178 2307 286 2346 necnon
303 2295 331 2345 et
349 2287 534 2359 serpentinam
547 2287 731 2343 calliditatem.
744 2287 846 2342 Contra
857 2305 953 2342 omnes
971 2289 1050 2343 dolos
1061 2294 1158 2344 cautus
1169 2295 1237 2355 erat,
1248 2308 1285 2345 ne
1297 2293 1350 2347 alic

178 2388 402 2459 supplantaretur
419 2384 534 2440 insidiis.
551 2384 590 2438 De
603 2384 679 2438 omni
691 2383 791 2453 injuria
808 2384 927 2454 irrogata
939 2385 964 2439 ei
974 2384 1104 2440 facillime
1121 2386 1183 2454 quis
1198 2386 1310 2442 veniam
1330 2389 1349 2443 ir

179 2488 276 2550 travit;
286 2485 401 2555 injurias
408 2483 555 2538 homiuum
568 2487 596 2538 et
606 2483 727 2563 honores
738 2483 808 2537 adeo
821 2499 871 2552 pro
883 2482 970 2539 nihilo
983 2483 1112 2549 habebat,
1121 2489 1152 2539 ut
1163 2501 1215 2539 nec
1226 2485 1287 2540 istis
1295 2504 1349 2556 gau

179 2587 254 2650 dum,
264 2602 315 2640 nec
322 2585 375 2639 illis
382 2583 517 2653 judicaret
526 2599 586 2636 esse
595 2581 752 2637 dolendum.
761 2582 912 2637 Hominum
923 2600 1042 2653 quoque,
1054 2600 1173 2654 quorum
1184 2585 1281 2655 lingua
1293 2588 1329 2641 ad
1342 2605 1349 2640 r

179 2685 346 2755 loquendum
360 2688 419 2737 erat
427 2681 541 2746 erudita,
554 2682 752 2750 aspernabatur
763 2681 914 2745 mendacia,
925 2683 1069 2737 attendens
1081 2682 1146 2737 illud
1160 2690 1263 2751 poem:
1277 2686 1349 2740 ‘Cor

179 2800 258 2838 mens
270 2782 336 2837 recti
349 2782 431 2836 lamae
443 2779 587 2835 mendacia
599 2779 670 2833 ridet
683 2820 704 2845 ,.

220 2882 255 2940 5.
279 2881 327 2934 Vir
338 2896 402 2949 ergo
412 2879 469 2944 Dei,
481 2879 580 2932 decore
591 2877 724 2932 virtutum
742 2893 800 2931 non
811 2878 925 2933 minime
937 2878 1093 2944 adornatus,
1105 2880 1155 2934 Dei
1168 2881 1261 2935 otticio
1274 2888 1304 2936 et
1317 2883 1349 2937 di

178 2980 272 3052 gratiae
284 2980 361 3034 nisus
373 2975 566 3046 compaginari,
578 2992 627 3045 per
638 2975 838 3029 successionem
857 2979 1013 3045 temporum
1029 2994 1121 3031 sacros
1134 2978 1244 3033 ordines
1262 2983 1349 3052 suscip

178 3083 214 3135 ad
226 3077 372 3134 sacerdotii
382 3075 496 3146 gradum
510 3074 643 3144 peruenit.
657 3074 709 3142 Qui
720 3090 820 3143 magno
834 3074 925 3128 officio
934 3091 964 3129 se
980 3075 1129 3145 obligatum
1141 3076 1306 3147 intelligens,
1315 3082 1349 3134 de

179 3179 350 3246 fideliterque
359 3175 511 3230 sacerdotis
520 3175 583 3242 jura
591 3173 673 3243 coepit
684 3189 819 3236 exercere,
828 3178 855 3227 et
867 3189 901 3227 ne
913 3174 1026 3243 pigritiae
1035 3180 1063 3229 et
1072 3177 1189 3245 torporis
1202 3178 1349 3248 redanguer

179 3296 196 3334 a
206 3277 334 3340 Domino,
345 3275 447 3330 talenta
456 3273 508 3327 sibi
522 3272 639 3327 comissa
652 3272 844 3340 multiplicans,
853 3289 947 3326 semen
957 3273 1032 3327 verbi
1043 3274 1091 3328 Dei
1100 3274 1180 3344 longe
1190 3275 1303 3346 lateque
1313 3280 1349 3332 dis

91 3416 106 3453 ,Ι
179 3377 215 3433 sit
223 3380 238 3410 *
247 3382 275 3431 et
284 3375 323 3430 sic
335 3374 483 3428 multorum
496 3371 578 3435 corda
591 3370 679 3425 riuulo
691 3386 747 3424 suae
756 3370 886 3424 doctrinae
897 3370 1015 3440 irrigata,
1027 3373 1168 3426 mundano
1187 3375 1281 3428 timori
1295 3377 1349 3430 obn

180 3476 246 3547 ipse,
263 3475 350 3529 immo
368 3471 502 3527 Dominus
514 3487 562 3540 per
579 3470 678 3538 ipsum,
690 3469 805 3523 creatori
817 3470 985 3538 mancipavit
996 3469 1088 3524 divino
1100 3492 1107 3535 3
1125 3472 1321 3527 exhortatione
1331 3492 1349 3528 n

180 3577 251 3630 festa
263 3578 290 3629 et
299 3572 414 3628 consilio
427 3571 535 3640 privato
549 3574 577 3623 ct
588 3569 664 3623 omni
675 3569 757 3623 modo
768 3584 823 3638 quo
833 3568 922 3638 potuit
930 3569 1057 3623 homines
1065 3570 1100 3624 ad
1110 3571 1184 3624 hona
1193 3588 1278 3642 opera
1288 3575 1349 3628 incit

181 3675 221 3729 De
230 3672 337 3744 oppidis
346 3674 374 3726 et
389 3671 422 3725 de
436 3669 507 3724 rillis
520 3667 777 3735 circumjacentibus
789 3668 836 3736 qui
848 3668 883 3721 ad
895 3668 984 3738 ipsum
995 3684 1078 3722 causa
1097 3669 1207 3724 consilii
1219 3673 1348 3726 coullure

181 3790 237 3828 non
253 3772 342 3826 solum
359 3769 400 3824 eis
412 3767 574 3838 spiritualia,
583 3782 680 3820 verum
692 3765 774 3820 etiarn
787 3782 848 3835 quae
865 3783 881 3819 a
894 3767 1012 3821 Domino
1030 3768 1191 3836 possederat
1209 3770 1349 3824 carnalia]

183 3871 304 3942 impendi
314 3868 493 3924 desiderabat.
504 3865 640 3921 Omnibus
648 3869 741 3920 autem
752 3865 781 3919 in
789 3865 900 3935 specula
909 3865 1041 3920 virtutum
1054 3866 1229 3933 constitutus,
1239 3868 1345 3922 coelibis

183 3971 263 4027 bonis
282 3986 313 4023 se
330 3967 464 4023 exhibens
480 3968 502 4030 *,
520 3964 595 4034 quod
614 3965 708 4018 docuit
724 3963 824 4026 verbis,
840 3963 1001 4034 adimplevit
1018 3964 1160 4034 operibus;
1178 3981 1230 4020 nec
1251 3968 1285 4020 de
1305 3984 1340 4021 eo

128 4074 134 4089 ⁸
184 4070 295 4140 dignum
308 4067 360 4121 dici
381 4068 391 4092 '¹
407 4065 491 4132 Cujus
508 4063 566 4118 rita
580 4064 719 4132 spernitur
735 4066 820 4117 restat
834 4067 864 4116 ut
876 4062 935 4131 ejus
953 4063 1009 4117 vita
1026 4068 1220 4118 contemnatur
1232 4065 1280 4131 *.,
1300 4065 1349 4119 lla:

184 4169 291 4224 solebat
309 4166 456 4221 hominum
473 4163 563 4217 malos
583 4178 676 4216 mores
692 4162 721 4216 in
737 4161 847 4232 publico
864 4177 992 4216 sermone
1009 4162 1179 4232 redarguere,
1198 4163 1295 4233 longas
1312 4165 1349 4218 fal

139 4258 149 4268 '
183 4269 272 4322 tiones
284 4264 430 4321 hominum
443 4262 528 4317 invite
546 4260 684 4326 audiebat,
696 4260 849 4315 locutiones
866 4265 895 4315 et
910 4259 1094 4315 detractiones
1112 4262 1290 4317 referentium
1308 4264 1349 4317 sin

185 4368 219 4421 de
229 4365 353 4420 moribus
371 4362 518 4416 homiuum
530 4360 574 4415 rel
586 4359 695 4415 silentio
708 4360 752 4414 rel
764 4361 832 4415 duro
845 4360 926 4415 rultu
942 4377 959 4414 a
976 4376 1006 4414 se
1024 4362 1193 4426 removebat,
1215 4378 1298 4416 omne
1312 4368 1349 4416 ter

185 4478 350 4518 consumens
362 4465 410 4515 aut
422 4459 535 4523 orando,
545 4462 593 4513 aut
605 4457 749 4522 studendo,
760 4461 808 4512 aut
816 4456 970 4521 scribendo,
982 4462 1030 4511 aut
1040 4457 1165 4527 legendo,
1181 4463 1229 4512 aut
1241 4459 1349 4513 consule

185 4565 233 4616 aut
244 4558 430 4615 confessiones
443 4557 588 4622 audiendo,
598 4561 646 4611 aut
657 4555 854 4626 praedicaturus
864 4556 916 4610 sibi
929 4553 1113 4625 praevidendo.

226 4659 261 4719 8.
285 4657 434 4713 Rarissime
447 4656 583 4711 modicam
597 4655 696 4710 horam
709 4653 763 4709 diei
782 4653 913 4724 preteriit
930 4654 998 4723 quin
1015 4654 1107 4725 aliquo
1126 4659 1267 4712 teneretur
1277 4657 1349 4728 prad
