3270 5400
352 370 445 422 sinu.
465 369 548 421 nes.
566 368 740 420 nnnxnnu.
760 390 806 399 -
828 368 973 421 terrun.
992 368 1038 419 un
1056 368 1137 419 con.
1155 359 1194 418 n0
1212 366 1338 421 rsus-ss.
1393 350 1456 422 111

224 564 310 612 retur.
322 560 503 629 Experrectus
514 560 613 614 deinde
624 575 707 627 snper
715 558 915 627 quinquaginta
926 557 1019 611 leucas
1028 557 1155 611 circuisse
1167 573 1196 611 se
1206 557 1305 612 aiebat
1318 558 1461 612 Sciscitari-

223 658 300 711 tibus
311 664 407 712 eutem
419 659 472 713 illis
483 675 616 727 quorsum
629 663 677 711 uut
689 674 752 712 cum
766 657 883 726 quibus:
898 658 964 711 Crem
976 660 1086 719 serenis,
1098 657 1144 715 nit,
1157 659 1287 724 apostolis
1301 658 1427 711 Jotaanc
1438 666 1463 711 ct

222 758 328 812 docebo
334 757 582 823 Catelenbnrchll)
591 766 710 812 octavam
718 759 897 811 dedicationis
907 759 1124 824 ecclesiepereqi.
1132 758 1293 810 Conlectnles
1302 759 1383 810 etiam
1393 773 1463 811 meos

222 866 249 910 et
258 860 366 921 fratres
378 860 506 926 speciales
514 858 756 924 Riehenlecrpenses
768 859 835 910 adii.
847 858 936 910 Silene
947 864 1035 926 tamen
1047 864 1071 909 et
1082 858 1249 910 insalutatus
1257 857 1291 910 ub
1300 859 1339 909 eis
1347 859 1462 924 rediens,

188 957 452 1027 thammespringe
464 958 502 1022 (2)
515 974 619 1026 quoque
629 959 691 1024 jam
709 964 803 1009 eructu
820 959 864 1010 die
880 957 983 1019 deceni,
1001 956 1047 1008 ubi
1062 957 1206 1022 prelatum
1225 959 1315 1024 ipsius
1333 959 1385 1011 loci
1401 974 1462 1010 cum

220 1059 324 1111 menno
339 1058 434 1122 lilfero
444 1059 583 1123 confratre
594 1065 617 1110 et
626 1058 771 1124 preposito
787 1072 848 1109 cum
867 1055 1006 1122 aliquibus
1018 1071 1132 1107 suornm
1142 1057 1332 1122 perticulantee
1345 1059 1461 1125 repperi.

204 1155 293 1224 .Quee
301 1161 397 1210 autem
411 1156 470 1225 ipss
480 1157 592 1217 suerint,
601 1171 650 1225 per
667 1155 774 1223 singula
787 1153 938 1223 perdocuit
950 1153 1075 1206 Domnus
1087 1168 1153 1207 vero
1165 1153 1280 1216 Elierus,
1293 1159 1324 1208 ut
1341 1155 1461 1223 postilio

222 1256 340 1310 devenit
351 1255 473 1325 taliaque
490 1271 554 1310 eum
572 1254 716 1325 protulisse
728 1251 843 1316 audivit,
855 1268 920 1306 vera
937 1269 986 1320 per
998 1252 1092 1306 omnia
1104 1252 1138 1306 de
1149 1269 1179 1305 se
1191 1269 1222 1305 ac
1236 1253 1293 1307 suis
1306 1253 1463 1307 affirmarit.

221 1354 325 1408 Adhuc
338 1356 449 1409 cuidem
458 1356 494 1409 de
505 1357 608 1410 domno
621 1357 763 1411 Gerhsrdo
775 1357 1008 1425 Richenbergensi
1027 1357 1215 1425 percontanti:
1229 1359 1364 1425 Nondum,
1373 1358 1420 1416 nit.
1434 1367 1463 1412 nt

177 1458 204 1507 nt
222 1456 391 1522 opinamini,
402 1456 441 1509 ud
456 1473 569 1524 superos
580 1458 729 1523 conscendi,
740 1458 788 1510 sed
804 1474 851 1509 nec
868 1464 971 1509 terram
989 1458 1134 1509 vicentium
1157 1459 1246 1510 adlruc
1264 1460 1385 1523 intrnci,·
1401 1476 1462 1511 cum

222 1554 348 1607 dominic
359 1562 449 1607 autem
458 1558 525 1608 meir
535 1557 671 1623 pieriosie,
684 1559 744 1611 eceli
755 1566 779 1610 et
790 1566 869 1611 terre
878 1559 1060 1626 principibus,
1071 1559 1281 1625 circumquaque
1293 1558 1462 1610 obuersatur.

224 1650 307 1714 Quod
317 1653 450 1718 quomodo
459 1654 555 1718 fuerit,
564 1656 618 1706 sire
631 1656 659 1706 in
671 1671 783 1723 corpore
791 1657 846 1708 eine
855 1662 934 1707 extro
943 1671 1049 1722 corpus,
1059 1656 1146 1707 neseio
1151 1673 1162 1719 ;
1174 1654 1248 1707 Deus
1256 1656 1313 1707 scit.

271 1747 328 1805 15.
348 1748 469 1801 Deinde:
489 1749 553 1813 Qus
563 1757 687 1815 cestrum,
706 1748 746 1802 ait
756 1748 905 1811 sororibus,
922 1757 1043 1802 carinum
1063 1749 1205 1802 Nicolaum
1222 1750 1337 1816 supplex
1349 1765 1403 1817 pro
1420 1767 1461 1802 mc

225 1848 454 1916 compellamur?
465 1845 615 1899 Praesentes
628 1861 702 1909 vero,
720 1861 881 1914 responsum
901 1861 956 1898 non
975 1845 1002 1898 in
1020 1850 1147 1914 promptu
1165 1844 1307 1907 habentes,
1324 1849 1461 1899 contesta-

179 1950 210 1997 ts
227 1944 330 1998 bantur
341 1961 370 1998 se
382 1944 520 1997 immunes
529 1944 595 1997 lore.
607 1944 642 1997 Et
652 1942 712 1996 iile:
726 1945 880 2009 Transitus,
888 1943 983 2012 inquit.
991 1946 1023 1996 de
1034 1961 1146 2011 corpore
1158 1945 1227 1996 eniti
1237 1946 1301 1996 diem
1309 1961 1461 2012 propensa·

228 2050 285 2105 tur,
303 2046 391 2096 sancti
407 2051 542 2110 martyres
558 2042 643 2105 l'ilus,
661 2043 783 2107 Blaeius,
797 2044 942 2095 Adrianus
958 2050 981 2094 et
998 2049 1092 2095 saneto
1111 2045 1187 2107 ris-po
1203 2043 1342 2108 prurqis
1358 2045 1463 2095 metiari

231 2144 386 2194 sententiam
403 2143 500 2195 obnixe
515 2142 695 2208 flnqitulsant;
712 2149 822 2195 sanctus
843 2158 947 2209 quoque
965 2142 1095 2193 Nicotaus
1111 2147 1188 2193 tanta
1206 2143 1337 2193 instantio
1355 2143 1385 2193 iel
1400 2142 1463 2206 fieri

235 2242 325 2305 serpit,
346 2249 375 2293 ut
397 2248 509 2293 sanetus
528 2241 646 2293 canon
665 2241 710 2292 illi
721 2242 849 2294 obsistens
862 2248 998 2307 postremo
1010 2242 1035 2292 ei
1050 2241 1200 2306 facietenus
1217 2242 1335 2293 occurrit
1352 2242 1462 2294 dicens:

240 2338 252 2361 ⁸
266 2339 436 2407 Quemquam,
445 2341 552 2392 domine
565 2340 682 2402 Nicolae,
694 2347 785 2407 potens
794 2346 819 2392 cl
828 2341 911 2404 fortis
923 2345 1034 2391 senator
1045 2341 1085 2391 sis
1099 2340 1127 2389 in
1139 2340 1247 2404 eiciendo,
1256 2346 1280 2391 ct
1287 2340 1461 2406 perplurima

199 2434 230 2487 ὓ
244 2440 352 2502 opereris
362 2441 433 2491 mira
443 2446 467 2491 et
478 2439 617 2504 mirando,
629 2439 696 2490 ndeo
707 2445 736 2490 ut
747 2454 794 2490 nec
810 2439 928 2503 maJ'ores
939 2439 981 2489 tui
990 2438 1066 2504 opud
1078 2437 1225 2490 Dominum
1237 2438 1338 2490 talibus
1350 2440 1460 2506 coequi-

247 2549 334 2598 μῆνα
343 2538 452 2603 raleqnt,
463 2544 553 2589 tnmen
569 2539 635 2589 etin
646 2537 694 2589 hoc
706 2539 808 2603 aeqotio
819 2538 931 2602 frcestrn
952 2538 1087 2589 reniteris.
1102 2576 1112 2599 ,
1128 2537 1174 2587 Ad
1185 2551 1242 2604 ques
1255 2537 1335 2589 cerba
1350 2544 1461 2589 sanctiss

254 2630 362 2687 Nicotaus
372 2636 430 2688 licet
438 2652 506 2703 npre
518 2638 573 2703 ipsi
583 2637 775 2704 obtemperans,
789 2638 817 2688 in
828 2653 926 2702 mopna
939 2636 1078 2688 dilectione
1089 2636 1334 2703 conquieuit,plane
1344 2642 1372 2687 nt
1379 2638 1460 2703 prin-

257 2730 301 2794 cipi
306 2734 357 2784 cali
365 2751 395 2786 ac
406 2741 491 2787 terrn.
505 2734 580 2787 Deus
590 2741 680 2786 aretem
693 2734 828 2787 Dominus
837 2751 909 2785 nunc
920 2741 944 2786 et
956 2749 1059 2800 semper
1071 2734 1106 2785 sit
1116 2733 1275 2795 benedictus,
1287 2735 1358 2800 qnod
1367 2735 1458 2799 refra-

258 2835 332 2889 eantes
341 2835 466 2885 cernentia
476 2848 539 2885 men
550 2834 641 2884 minue
654 2833 716 2885 celle
724 2849 803 2885 suum
817 2834 997 2885 obtinuerunt.
1010 2831 1042 2884 Si
1059 2832 1173 2898 denique
1185 2832 1304 2883 sitiendus
1313 2833 1342 2883 in
1352 2848 1459 2884 summo

219 2920 250 2973 ὓ
262 2926 364 2982 tarditate
377 2947 425 2984 sua
437 2933 470 2984 de
481 2947 551 2984 auro
568 2932 669 2984 meendo
687 2939 711 2984 et
728 2932 820 2985 obrizo
835 2933 914 2995 soret,
931 2947 1010 2998 eoque
1026 2931 1089 2995 frui
1105 2931 1174 2981 mitt
1191 2931 1227 2982 nd
1245 2931 1316 2982 mille
1333 2947 1420 2983 aureos
1437 2938 1460 2984 et

265 3029 406 3086 mnnita
417 3030 508 3083 secula
520 3031 550 3082 in
559 3046 635 3083 omne
644 3037 732 3083 cotenu
743 3037 767 3083 et
779 3031 995 3083 delectamentum
1005 3030 1125 3081 seculare
1133 3029 1231 3093 liceret,
1242 3045 1294 3081 non
1303 3029 1374 3082 lrarrc
1384 3032 1460 3082 eicis·

266 3117 379 3178 titudinem
393 3130 615 3197 eonqusperarem
635 3146 681 3181 nec
698 3130 848 3194 cereferrem
866 3136 913 3180 aut
933 3144 1126 3194 compararem,
1144 3129 1210 3194 quin
1229 3145 1275 3180 nec
1290 3129 1460 3195 susciperem.

268 3212 369 3277 Dumium
382 3229 459 3279 ctiam
477 3243 559 3292 meus,
576 3235 686 3280 surinus
704 3228 831 3291 docatus,
851 3228 1060 3292 corspratulatur
1076 3228 1209 3292 parcitati
1230 3242 1298 3291 nien,
1319 3229 1391 3294 quod
1410 3244 1460 3281 suo

267 3318 384 3374 msto
393 3325 548 3377 commissos
557 3341 609 3391 pro
616 3340 696 3392 posse
713 3341 770 3377 meo
787 3325 953 3389 reputariter
969 3324 1146 3387 educaverun,
1164 3331 1188 3376 et
1200 3324 1272 3390 quod
1283 3326 1424 3389 destructos
1436 3331 1460 3377 et

230 3407 256 3461 ³⁰
268 3408 320 3463 ‘W
326 3421 423 3486 ”pudes
433 3424 490 3476 loeo
500 3439 551 3476 eno
561 3425 757 3488 reinducerim,
771 3426 851 3491 inque
863 3424 1020 3475 dediticium
1035 3439 1114 3474 serrem
1126 3423 1180 3475 sibi
1196 3439 1239 3475 cos
1258 3425 1459 3488 reeiqnauerim.

268 3504 351 3581 stlte,
359 3523 499 3586 mensimi,
513 3525 605 3576 verius
616 3525 763 3589 coquoscite
774 3524 854 3590 quod,
865 3524 892 3574 si
909 3523 976 3589 quid
987 3537 1063 3574 noxe
1078 3539 1129 3588 per
1146 3525 1312 3588 rapationem
1324 3524 1460 3575 constrari·

269 3606 389 3670 etiem·
397 3622 513 3689 opnstoli
522 3622 642 3675 «lacobus
650 3629 674 3675 et
685 3622 824 3675 Jolsonnee
833 3629 857 3673 et
866 3628 960 3673 sancta
969 3625 1044 3687 sirpo
1053 3621 1191 3687 prurpis
1200 3628 1223 3673 et
1235 3623 1290 3673 loco
1303 3629 1327 3673 et
1336 3625 1461 3687 personis

270 3702 557 3786 sternumentum,
569 3728 595 3773 et
604 3722 763 3774 temeritatis
774 3721 1035 3773 animaduersionem
1043 3721 1132 3786 pratis
1140 3720 1273 3784 relaxant,
1283 3722 1308 3771 si
1316 3721 1347 3771 de
1356 3722 1461 3787 reliquo
1502 3783 1507 3793 Ι
1598 3756 1623 3794 .·

270 3801 320 3855 ‘⁶¹5⁰
328 3818 418 3871 mnino
425 3821 606 3887 postponatis,
618 3836 665 3872 nec
675 3819 836 3885 hujusmodi
847 3821 933 3872 denuo
942 3820 1042 3871 lasciua
1054 3820 1234 3871 inconstantia
1245 3819 1317 3871 robis
1325 3819 1459 3886 siebrepat,

233 3894 259 3947 κ
270 3908 373 3965 “telis
381 3933 430 3969 nan
439 3920 472 3970 in
475 3934 641 3986 prosperum
653 3918 751 3970 cedent.

303 3997 343 4059 1⁰.
354 4007 432 4079 Hujus
442 4012 532 4066 dulcis
543 4011 716 4066 allocutionis
734 4010 855 4065 sermoni
873 4010 987 4065 inseruit
999 4010 1083 4064 verba
1100 4013 1288 4066 exhortatoria
1306 4015 1340 4066 de
1353 4016 1459 4067 confes·

271 4090 333 4151 ’ΜΒ
340 4106 464 4172 qualitate,
475 4106 594 4161 utilitate
603 4112 631 4161 et
640 4124 731 4161 causa.
741 4108 780 4161 De
789 4106 922 4175 qualitate
931 4107 1051 4175 quidem,
1061 4108 1135 4176 quod
1146 4108 1270 4161 remissio
1282 4114 1457 4176 peccatorum

272 4200 349 4253 ‘milet
357 4205 558 4274 conpunctione
570 4205 667 4270 cordis,
680 4205 854 4259 confessione
872 4205 936 4268 oris,
948 4205 1118 4259 exhibitione
1137 4207 1286 4275 corporalis
1298 4207 1458 4261 satisfactio·

272 4286 425 4361 1¹5⁸·Utricul
439 4304 528 4359 tribus
545 4304 636 4359 modis
656 4320 739 4359 omne
760 4310 901 4373 peccatum
923 4305 1115 4367 committitur,
1133 4305 1260 4359 videlicet
1279 4305 1459 4375 suggestione,

177 4378 180 4427 ³
237 4380 262 4435 ὅθ
274 4382 418 4466 &tentione
430 4420 574 4468 consensu,
586 4404 625 4458 sic
634 4404 746 4473 triplicis
758 4404 858 4472 speciei
872 4404 993 4458 remedio
1003 4405 1103 4458 Christi
1116 4405 1226 4458 favente
1236 4408 1323 4475 gralia
1333 4407 1459 4460 diluetur.

303 4618 330 4683 (n
338 4622 362 4680 111
369 4633 500 4699 provincia
509 4633 701 4697 Hunovriensi,
710 4651 794 4704 prope
805 4636 937 4700 Ostcrode,
946 4635 1058 4688 circaria
1068 4634 1306 4698 Hildesheimensi,
1316 4635 1461 4689 fundatum

278 4708 439 4767 ιι11011111-
450 4718 488 4784 (i)
498 4718 688 4785 Lcmsprinqe,
698 4733 782 4787 prope
791 4718 955 4784 Bilderlalrc,
964 4717 991 4770 in
1000 4717 1147 4782 Hanovria,
1158 4717 1271 4771 circaria
1282 4718 1461 4772 Hildesheim.
