3270 5400
373 375 466 426 niun.
486 375 567 427 nno.
586 376 759 428 ananum.
778 398 825 408 -
843 377 992 430 nesano.
1010 379 1057 430 an
1074 379 1154 431 oon.
1172 369 1211 430 u⁰
1228 379 1350 432 cassis.
1411 361 1480 433 109

244 564 369 616 videlicet
377 572 501 617 neuram
511 574 634 619 sanetum
642 568 931 635 Jacobumapastalnm
942 576 967 622 et
975 572 1142 623 couterinum
1153 587 1232 623 suum
1244 578 1366 624 sanctum
1378 552 1480 625 Julian·

242 677 305 713 nem
319 665 471 730 apauotum
483 666 554 717 milri
570 668 721 732 destinarit,
733 670 945 736 pronuntiantes
961 669 1031 721 milri
1040 670 1140 723 abitum
1152 686 1237 722 meum
1251 677 1274 722 et
1285 673 1432 724 transitum
1447 690 1481 725 en

241 761 295 814 liae
312 764 424 816 munda.
442 762 522 829 Quod
535 780 569 818 ue
581 765 659 818 tieret
675 765 841 819 unanimiter
858 766 947 819 cuncti
960 772 1106 836 presentes
1123 767 1223 821 obnixe
1232 768 1407 836 adoptabant
1420 770 1480 838 lpse

242 865 341 914 autern
354 866 385 914 ut
399 862 499 931 legatio
508 863 567 917 haec
580 863 689 918 effectui
702 865 858 934 proveniret
870 865 957 919 multa
974 881 1085 934 precum
1103 866 1232 920 instantia
1249 867 1395 930 exorabat;
1406 874 1433 922 et
1445 886 1479 923 ne

207 964 224 1011 tl
242 957 339 1011 denuo
348 958 376 1012 id
387 965 551 1029 repeterent,
562 962 663 1016 blando
676 963 760 1017 uerbo
770 963 936 1017 omnimodis
947 963 1094 1018 interdixit.

286 1054 323 1114 9.
348 1059 425 1127 Quos
435 1061 466 1111 ut
477 1057 611 1111 sollicitos
623 1058 831 1111 desuccessoris
842 1058 885 1111 sui
897 1057 989 1112 lutura
1006 1059 1138 1127 qualitate
1155 1063 1183 1112 et
1199 1058 1302 1112 ineerta
1320 1060 1480 1115 habitudine

240 1155 340 1217 sensit,
353 1154 472 1225 henigne
490 1154 563 1224 ipsos
576 1153 737 1207 consolans:
750 1155 935 1222 Nequaquam,
952 1155 997 1215 ait,
1007 1158 1123 1222 praaari
1138 1155 1263 1210 timeatis
1270 1174 1321 1224 per
1335 1174 1477 1224 personam

241 1264 338 1309 restra
347 1257 505 1323 prelatione*
516 1257 710 1321 importunam,
728 1256 794 1321 quia
811 1261 835 1306 et
851 1256 942 1321 ipsum
957 1272 1037 1320 penes
1047 1271 1159 1323 superos
1176 1258 1354 1309 rememorari
1370 1273 1424 1309 nan
1441 1265 1479 1309 est

237 1357 432 1421 postpositum.
451 1354 496 1405 Sic
513 1355 582 1406 euim
600 1354 640 1405 ibi
657 1353 795 1417 definitum
812 1353 852 1404 iln'
868 1354 1004 1417 recessitis,
1020 1355 1092 1421 quoa
1108 1356 1186 1406 talem
1204 1355 1327 1407 habituri
1342 1358 1413 1417 estis,
1430 1358 1479 1423 qui

191 1456 222 1504 to
240 1456 327 1505 etiam
338 1455 403 1519 plus
414 1471 456 1506 me
466 1454 620 1505 ausiliante
637 1452 689 1505 Dei
698 1453 791 1518 pratia
798 1453 928 1519 prodesse
944 1453 1024 1516 eolis,
1036 1460 1091 1505 tarn
1104 1455 1134 1504 in
1145 1454 1337 1520 spiritualibus
1349 1471 1431 1521 piram
1448 1457 1476 1507 in

240 1552 414 1615 caritatibus,
424 1560 449 1604 et
461 1554 530 1605 sciat
541 1559 565 1603 et
573 1553 667 1618 possit.

290 1647 348 1704 10.
368 1648 421 1700 Sed
432 1656 457 1701 et
468 1649 517 1700 lior
526 1649 643 1700 dixerim
655 1649 729 1715 quad
738 1648 853 1700 domnus
863 1648 1071 1712 Adellielmmus,
1081 1648 1215 1712 fundator
1222 1649 1306 1715 liujus
1318 1651 1437 1714 currabii,
1447 1654 1478 1704 al

238 1750 392 1813 penscriam
404 1761 482 1813 aqua
489 1747 553 1798 irinc
564 1747 602 1798 ad
613 1746 699 1798 alium
710 1745 796 1797 lorum
808 1746 958 1812 aliqnando
968 1761 1013 1797 ras
1024 1746 1174 1808 transtulit,
1187 1747 1257 1798 unde
1267 1748 1341 1798 laetis
1352 1746 1395 1799 liic
1406 1749 1477 1800 dila·

240 1848 384 1912 pidationi
391 1854 415 1899 et
427 1847 596 1899 destitutioni
602 1847 703 1912 patuit.
723 1844 762 1896 Ob
773 1845 843 1897 hane
858 1860 968 1897 eausam
980 1851 1004 1896 et
1013 1845 1044 1896 ol>
1056 1845 1128 1896 alias
1140 1845 1272 1911 quiusdam
1284 1854 1418 1912 patronus
1426 1849 1478 1899 loci

199 1945 229 1993 t5
246 1945 454 2010 liujus,sunetus
463 1944 582 1997 Jacobus
591 1945 866 2012 apostolus,etsaueta
875 1945 951 2009 sirpo
959 1944 1064 1996 Christi
1070 1942 1220 2010 prnrpis(
1224 1943 1258 2010 l),
1265 1946 1379 2009 plorimi
1388 1948 1478 1997 meriti

249 2046 325 2110 apud
336 2045 491 2109 Dominum,
503 2045 576 2110 quod
592 2045 700 2111 quidem
711 2044 840 2095 hactenus
851 2059 905 2095 non
916 2043 1021 2109 liquida
1038 2044 1154 2107 capuaci,
1166 2059 1220 2094 sian
1237 2045 1338 2096 modice
1355 2049 1477 2098 collimati

252 2149 314 2193 sunt
323 2142 545 2209 frequentiusque
561 2142 692 2193 aduersus
710 2157 770 2193 eum
788 2140 936 2193 Dominum
953 2140 1114 2206 compellunt
1133 2146 1157 2191 et
1174 2156 1227 2192 non
1245 2142 1385 2195 immerita.
1405 2143 1474 2194 Nam

256 2240 501 2308 instantiapreeum
515 2256 631 2292 suarum
641 2257 658 2291 a
670 2240 786 2293 Domina
797 2239 977 2301 obtinuerunt,
988 2245 1016 2290 nt
1026 2239 1091 2290 huie
1103 2239 1158 2290 laco
1171 2245 1195 2290 et
1203 2242 1396 2291 monasterium
1408 2244 1476 2293 sutis

260 2337 350 2403 decens,
360 2346 382 2392 et
394 2340 535 2406 predicet
547 2340 720 2405 supellectilia
737 2345 903 2402 ornamenta,
912 2353 1049 2405 campana
1058 2339 1361 2405 quoqueacluminaria
1370 2341 1475 2393 alicnde

218 2433 249 2484 2⁰
264 2438 421 2490 satiscallata
430 2440 589 2503 fuissent,si
596 2440 765 2491 destitutioni
772 2438 917 2503 liujuslaci
927 2453 981 2489 non
993 2437 1059 2489 adea
1074 2438 1222 2489 institisset.
1234 2438 1301 2489 Inde
1312 2440 1383 2490 enim
1398 2441 1474 2492 ecule-

268 2535 304 2584 sia
318 2552 367 2602 que
381 2554 474 2590 amneu
492 2538 570 2591 dubet
590 2538 709 2605 Capella,
718 2553 776 2604 qus
792 2537 856 2590 linio
868 2538 979 2589 ecclesis
995 2535 1144 2602 aliquanda
1156 2536 1293 2600 attinebat,
1303 2553 1364 2588 cum
1375 2539 1474 2591 domim

271 2632 415 2700 reliquorum
424 2654 519 2690 rerum
531 2637 705 2701 avellebatur,
717 2652 770 2703 pua
780 2638 838 2703 ipse
846 2638 961 2689 domnus
970 2635 1268 2701 Adetlietmmusprimo
1277 2637 1388 2690 lactuca
1399 2640 1473 2692 dere-

276 2726 324 2780 lim
332 2716 639 2801 transtre'atspasuerm.
649 2734 704 2798 Qut
714 2749 773 2785 cum
787 2750 814 2785 se
826 2734 921 2785 deinde
932 2749 993 2785 cum
1004 2735 1063 2784 suis
1075 2734 1104 2783 in
1121 2732 1223 2784 Vallem
1234 2749 1310 2800 aqna
1321 2737 1473 2789 comedisset

278 2826 452 2884 admorundum
462 2833 622 2899 ibijudicio
632 2833 684 2884 Dei
692 2839 884 2886 exauctoratus
902 2838 926 2884 et
943 2848 960 2883 a
971 2832 1128 2897 prelatione
1146 2834 1236 2883 avium
1250 2833 1354 2885 Christi
1369 2842 1473 2888 amatus

234 2920 264 2971 Ἀ
280 2923 383 2982 durate.

314 3021 355 3079 11.
370 3027 431 3094 Quae
442 3034 473 3083 ut
484 3027 592 3082 auditui
603 3027 790 3095 quorumdam
809 3027 997 3091 insonuerunt,
1008 3043 1078 3095 aegre
1096 3027 1224 3092 tulerunt,
1239 3028 1360 3081 diceutes
1373 3028 1473 3083 :Aliud

282 3130 329 3172 eun
338 3122 369 3177 ibi
377 3124 578 3189 commeruisse,
590 3124 638 3194 qui
650 3124 739 3178 multa
751 3125 825 3178 bona
837 3123 903 3192 ipsis
912 3127 939 3177 et
951 3124 1013 3177 loco
1024 3123 1152 3192 predicto
1165 3124 1280 3188 lecisset,
1293 3125 1379 3194 quiet
1391 3142 1473 3180 omne

282 3218 381 3281 quodhic
389 3225 455 3279 circa
464 3241 515 3279 nos
527 3228 684 3292 campestre
693 3223 820 3287 cernitur,
831 3223 916 3292 ipsius
928 3222 1117 3276 eruderatione
1130 3239 1200 3291 pene
1212 3240 1229 3276 a
1240 3223 1334 3277 limine
1346 3225 1473 3279 cimiterIi

282 3315 422 3387 sumtum
435 3323 627 3386 elaboraverit,
637 3328 665 3376 et
677 3322 730 3377 nisi
742 3324 800 3391 ipse
813 3321 1030 3391 congregationis
1041 3322 1124 3389 hujus
1141 3322 1258 3376 tundam
1276 3340 1324 3391 per
1341 3323 1472 3378 domnam

238 3408 267 3461 ³⁰
281 3407 360 3480 Gelam
369 3428 586 3492 preoccupasset,
599 3422 666 3477 nulli
679 3424 791 3476 dubium
803 3425 874 3491 quad
885 3424 937 3474 linc
953 3439 1037 3489 usque
1049 3438 1123 3474 crema
1134 3423 1238 3487 fecisset
1251 3423 1272 3475 *.
1284 3422 1390 3489 Quibus
1399 3439 1471 3478 com·

282 3513 430 3576 cladorubi
439 3539 602 3591 responsum
613 3527 667 3576 est:
682 3523 858 3576 Ordinationi
867 3524 963 3575 diuina
972 3523 1065 3574 nullus
1073 3522 1199 3575 absistere
1207 3524 1289 3586 ualet,·
1300 3526 1392 3575 arania
1400 3527 1471 3576 eslim

282 3622 413 3687 qluunpn
424 3624 506 3676 noluit
521 3622 656 3675 Dominus
666 3623 737 3686 fecit.
750 3622 802 3674 Sed
813 3638 828 3675 a
840 3623 945 3673 setinum
963 3621 1051 3673 adduc
1068 3622 1125 3687 ipse
1142 3623 1256 3674 damnus
1273 3623 1472 3676 Adellulmmus

282 3711 435 3785 'milwae
445 3723 517 3774 tanti
527 3722 631 3775 ludaris
642 3722 689 3774 sni
700 3722 817 3774 mercede
834 3721 909 3787 apud
926 3719 1073 3772 Dominum
1085 3721 1214 3787 priamus
1231 3722 1360 3787 depereat.
1378 3722 1471 3775 Prima

281 3806 335 3858 ‘lim
345 3812 407 3870 lodie
418 3819 537 3872 intellexi
548 3820 680 3886 quomodo
692 3820 724 3871 de
741 3835 771 3871 ea
790 3834 834 3870 res
845 3834 873 3870 se
884 3817 987 3870 lrabeat.
1001 3819 1056 3883 Qui
1066 3819 1092 3870 si
1102 3818 1225 3871 hesterno
1234 3819 1302 3870 milu'
1314 3820 1471 3884 aduenisset,

240 3899 268 3951 ³⁵
281 3899 360 3963 lcum
368 3921 387 3967 et
396 3920 532 3971 caritative
543 3934 603 3970 eum
615 3934 691 3971 secus
701 3934 743 3969 me
753 3919 923 3983 eollepissem,
936 3923 960 3968 ct
971 3923 1001 3968 ut
1015 3917 1144 3969 lcaetenus
1154 3918 1280 3983 feceram,
1290 3935 1342 3984 pra
1357 3936 1435 3985 passe
1446 3923 1471 3972 el

282 3997 443 4082 &canem
459 4034 531 4070 nrrnc
549 4024 638 4070 autem
655 4018 686 4069 id
701 4019 792 4082 faeere
809 4032 863 4069 noa
882 4031 1078 4084 pessunierem.
1099 4016 1237 4068 Cantestor·
1253 4024 1343 4069 autem
1360 4020 1472 4071 caritati

282 4107 355 4171 ”mr
371 4117 457 4170 exinde
474 4119 549 4185 quia,
569 4118 596 4169 si
615 4123 747 4183 quantum
767 4116 886 4168 taurinis
902 4116 978 4167 uisus
997 4115 1029 4166 de
1045 4115 1191 4181 lonqinquo
1206 4117 1360 4181 prospicere
1372 4126 1470 4184 posset,

280 4194 368 4259 milda
382 4216 551 4283 mnirpanda
569 4216 728 4268 excoluisset
740 4215 769 4266 in
784 4230 903 4282 ususque
914 4220 1014 4266 uestros
1024 4215 1187 4280 contulisset,
1199 4231 1252 4267 irari
1270 4216 1336 4268 adeo
1352 4216 1409 4268 Dea
1432 4219 1471 4269 oet

282 4304 357 4356 ”idle
365 4310 414 4374 ejus
424 4320 557 4380 acmptum
574 4313 646 4379 seret
658 4330 739 4380 quam
752 4314 835 4365 unius
852 4311 1278 4378 animuiutepritas.1lesnempe
1288 4313 1386 4365 muudi
1396 4313 1471 4366 Deus

242 4386 269 4441 ll
282 4389 360 4454 mutili
373 4414 482 4479 contulit,
499 4413 622 4466 animam
642 4428 703 4465 sera
720 4428 775 4466 sus
790 4412 955 4480 specialitate·
973 4412 1127 4463 reservarit.
1146 4411 1199 4463 Per
1211 4418 1358 4478 paternum
1380 4413 1470 4478 itaque

283 4491 375 4555 “lma
385 4509 505 4564 euenor
515 4527 561 4564 aas
572 4517 597 4563 et
614 4512 723 4576 suadeo,
735 4518 759 4563 et
776 4528 827 4578 pce
843 4512 1029 4564 auuoritatem
1040 4510 1207 4576 prelationis
1218 4513 1272 4563 sire
1283 4513 1469 4578 perstantem

309 4702 337 4770 (Ι)
345 4709 396 4781 Eius
404 4718 514 4791 legenda
522 4722 615 4777 statim
626 4726 763 4791 sequetur.
