3270 5400
351 372 441 424 aran.
459 372 541 426 aas.
561 374 732 427 sauram.
752 396 798 406 —
816 374 965 428 aarum.
984 377 1030 427 ao
1048 376 1127 428 coo.
1145 367 1184 427 ΝΟ
1202 375 1277 429 roas.
1362 356 1430 430 185

227 559 292 613 dixit:
308 562 446 617 Extendite
463 581 522 617 earm
535 566 607 618 inter
623 574 749 633 qualitor,
767 573 790 619 et
808 568 877 620 loris
893 568 1053 621 durissimis
1069 569 1180 621 dorsum
1199 576 1222 622 et
1238 577 1354 622 aerrtrem
1372 571 1431 635 ejus

227 662 338 715 macidlte.
356 661 424 715 Cum
442 679 509 716 reru
527 667 660 723 mutasset
676 664 823 718 duodecim
841 669 989 730 termones,
1004 666 1085 733 jussit
1103 666 1254 736 imperator
1270 666 1347 735 lipari
1365 684 1430 721 eum

229 756 313 811 lortiter
323 764 347 813 et
357 760 386 813 in
397 759 552 814 custodiam
565 760 644 815 mitti.
664 761 785 831 Populus
803 767 895 816 autem
911 763 1073 818 acclamavit
1084 764 1204 818 secunda
1216 763 1430 832 interrogatione

229 856 341 911 theatrum
350 859 504 928 praeparari.

200 958 214 1006 b
260 952 287 1011 8.
306 955 422 1025 Cumque
432 958 556 1012 reclusus
566 964 638 1013 esset
648 960 676 1013 in
688 976 797 1037 carcere
810 965 837 1014 et
846 961 972 1029 sequenti
981 961 1025 1015 die
1035 961 1191 1030 productus,
1200 964 1301 1014 ntante
1309 959 1429 1015 tribunal
1532 959 1536 965 ’

229 1052 331 1118 adstaret
339 1055 487 1110 Martianus
498 1056 647 1126 imperator
656 1057 710 1111 ait:
722 1060 834 1112 immota
846 1062 909 1113 diis.
919 1059 1034 1113 Sanctus
1046 1058 1165 1112 Marinus
1177 1058 1333 1128 respondit:
1347 1059 1428 1125 Oper-

230 1158 291 1206 taeea
300 1157 376 1208 inulta
386 1158 552 1220 confusione.
564 1157 703 1210 Lucrutus
712 1165 749 1211 est
760 1165 785 1211 te
792 1167 873 1227 pater
884 1161 1017 1226 tuus,·qui
1028 1161 1131 1211 dieitur
1142 1159 1269 1211 Satanas.
1279 1156 1429 1210 Martianus

230 1248 348 1318 inperator
356 1253 440 1308 dixit:
453 1256 599 1322 insipiens,
611 1257 722 1321 ipsioraa
734 1259 800 1324 quic
811 1259 972 1323 imperatori
984 1258 1128 1324 loqueris?
1142 1255 1262 1308 Marinus
1274 1254 1430 1323 respondit:

231 1350 278 1403 Seio
287 1370 331 1406 ease
341 1362 475 1408 mor-tuum
483 1362 507 1407 et
515 1356 574 1407 sine
587 1357 648 1408 rita.
661 1354 812 1424 Imperator
821 1355 969 1409 Martianus
982 1356 1040 1408 haec
1050 1355 1172 1417 audiens,
1185 1354 1270 1407 iratus
1279 1353 1427 1407 vehemen-

191 1447 218 1498 tr
233 1452 271 1511 ter,
282 1451 347 1513 jussit
364 1468 427 1507 eum
448 1453 476 1506 in
494 1452 611 1522 equuleo
631 1455 770 1522 suspendi.
792 1454 906 1508 Sanctus
925 1471 990 1508 vero
1008 1454 1066 1516 Dei,
1086 1470 1150 1506 cnm
1161 1453 1291 1507 'elevatus
1309 1457 1382 1505 esset
1400 1452 1428 1505 in

232 1547 332 1612 equuleo,
342 1551 467 1619 expansis
478 1553 513 1605 ad
523 1552 621 1606 caelum
631 1552 767 1614 manibus,
780 1552 915 1622 aspiciens
926 1553 960 1606 ad
975 1554 1070 1611 Deum.
1079 1556 1185 1620 patrem
1198 1551 1331 1614 omnium,
1344 1551 1428 1604 dixit:

233 1642 362 1704 &neuma
377 1653 499 1704 terribile
516 1668 610 1705 nomen
626 1659 712 1717 tuum,
730 1654 852 1717 Dorniae,
869 1655 899 1704 in
917 1654 1014 1706 secuta.
1032 1653 1146 1705 &curli
1163 1669 1211 1715 me,
1229 1668 1336 1704 emaum
1352 1658 1428 1703 tuum

233 1742 351 1813 Marinum,
359 1758 381 1803 et
390 1753 463 1818 eripe
475 1768 494 1803 a
505 1751 608 1804 diaboli
618 1753 877 1805 comminationibus.
887 1752 951 1804 Haec
964 1751 1065 1816 dicens,
1075 1750 1167 1804 tacuit.
1176 1750 1427 1819 lrnperatorantem

234 1842 378 1907 mantissam
392 1848 486 1902 vexari
503 1849 639 1918 pracepit.
652 1850 776 1918 Cumque
787 1850 895 1918 ungulis
907 1866 1005 1919 corpus
1014 1850 1073 1917 ejus
1083 1848 1269 1911 dilaniaretur,
1280 1847 1428 1901 Martianus

194 1938 220 1985 tt
234 1935 351 2005 inperator
360 1947 398 2000 ait
409 1967 415 2000 ε
427 1949 543 2002 immola
555 1952 618 2014 diis,
631 1957 654 2002 ct
665 1951 769 2003 carebis
780 1957 920 2002 tormenta.
931 1949 1046 2002 Sanctus
1058 1948 1178 2002 Marinus
1195 1947 1353 2015 respondit:
1366 1949 1427 2001 Nom

234 2036 316 2094 immoto
326 2046 456 2114 lapidibus
469 2049 528 2100 siae
544 2052 647 2112 aniana,
664 2050 805 2102 bominum
815 2055 874 2101 arte
885 2050 1045 2116 compositis,
1058 2051 1087 2099 in
1104 2055 1215 2100 tartara
1226 2056 1250 2100 et
1260 2050 1288 2100 in
1301 2049 1427 2114 abyssum

235 2136 446 2206 reluctarentur
463 2154 488 2200 et
498 2150 600 2215 pannis
616 2150 724 2215 operris.
737 2145 886 2199 Martianus
903 2147 1052 2215 imperator
1068 2146 1150 2200 dixit:
1165 2148 1302 2215 Resipisce
1314 2150 1348 2201 ab
1361 2151 1428 2202 insi-

233 2233 312 2293 l’t'eatiu
325 2249 365 2296 tac
376 2253 398 2297 et
409 2247 521 2298 incincta
538 2248 601 2310 diis,
614 2263 646 2298 ree
668 2254 696 2299 ut
713 2248 816 2298 :nalum
835 2248 948 2312 pessime
962 2253 986 2298 te·
998 2247 1154 2312 disperdam
1165 2265 1175 2308 ,·
1186 2253 1210 2299 et
1222 2263 1276 2299 non
1281 2248 1392 2312 juvabit
1403 2256 1428 2301 te

234 2328 347 2393 Murrum
357 2360 430 2410 quem
442 2346 516 2409 cotia,
525 2347 574 2412 qai
583 2362 731 2412 numquam
741 2346 850 2413 quidem
860 2352 898 2397 eat
913 2347 996 2397 visus.
1006 2343 1127 2398 Marinus
1144 2349 1256 2398 sanctus
1271 2346 1427 2413 respondit:

196 2424 222 2475 ω
235 2426 320 2488 uinea
326 2445 537 2497 comminationes
544 2451 596 2496 tua
604 2446 641 2496 ad
649 2451 753 2511 tempus
762 2451 943 2511 suat5poteas
952 2451 990 2496 est
998 2444 1073 2496 Deus
1082 2443 1273 2497 rraeua*autem
1282 2445 1427 2497 dissolvere

234 2531 340 2592 &patrem
349 2547 421 2593 tuum
432 2542 565 2595 &tartum
577 2550 601 2594 et
613 2543 682 2594 mibi
693 2544 760 2595 dare
772 2545 943 2595 tolerantiam
955 2544 992 2595 ad
1009 2544 1185 2595 sustinendus
1205 2549 1269 2596 tuus
1291 2544 1427 2595 machina-

233 2624 304 2681 tiones.

264 2722 290 2779 4·
312 2732 421 2806 Cumque
434 2738 494 2791 lraec
506 2739 628 2792 audisset
645 2739 801 2808 imperator,
812 2739 893 2806 jussit
909 2738 967 2792 lieri
983 2755 1087 2791 serram
1100 2738 1218 2807 ligneam
1230 2744 1258 2792 et
1269 2739 1425 2792 machinam

234 2816 386 2897 lapideamut,
398 2838 523 2891 immisso
535 2840 563 2892 in
576 2838 673 2908 lapide,
691 2856 740 2909 per
751 2840 896 2893 machinas
913 2837 1087 2891 mechanicas
1104 2837 1229 2890 membra
1246 2836 1305 2904 ejus
1322 2835 1427 2889 divide·

197 2914 221 2963 Β
234 2920 285 2970 “nl
294 2919 401 2987 lmmisso
413 2939 507 2988 autem
517 2940 612 2989 sancto
622 2936 651 2990 in
662 2937 827 2999 machinam,
836 2936 1024 2989 laborantibus
1034 2934 1166 2989 ministris
1174 2933 1277 2987 diaboli
1289 2933 1426 2987 conscissa

233 3020 337 3089 ‘mlius
345 3030 643 3090 femorasseatissimus
652 3041 744 3090 autem
757 3036 904 3106 respiciens
915 3035 942 3088 in
954 3034 1053 3088 coelum
1063 3039 1090 3088 et
1103 3033 1232 3087 invocans
1243 3050 1324 3087 suum
1334 3033 1425 3086 Domi-

234 3122 339 3180 tamaii:
350 3132 382 3185 Os
394 3150 482 3187 merem
491 3138 667 3190 onerantiabit
676 3139 783 3190 laudem
795 3145 880 3202 tueare,
889 3154 949 3190 crem
958 3137 1067 3199 confusi
1076 3141 1099 3186 et
1111 3136 1221 3187 reveriti
1229 3141 1292 3186 aunt
1301 3136 1350 3201 qui
1357 3150 1425 3201 qua·

234 3220 283 3264 ''⁸¹'‘
295 3228 353 3281 mala
368 3235 443 3286 aiibi.
455 3233 569 3288 Ministri
582 3240 674 3289 autem
688 3235 791 3290 diaboli
803 3235 943 3289 trahentes
962 3232 1128 3295 machinam,
1146 3231 1252 3300 fatigati
1268 3237 1332 3285 sunt
1350 3232 1426 3286 velut

234 3316 318 3384 ¹¹¹⁰¹¹¹¹C
327 3336 431 3385 nactus
444 3348 510 3387 rere
523 3340 628 3403 martyr
640 3339 699 3389 erat
707 3335 809 3404 gratias
821 3351 904 3403 agens
916 3333 982 3386 Deo.

197 3402 221 3455 ³⁰
263 3409 290 3467 ὅ·
313 3421 341 3478 tt
353 3428 479 3483 abierunt
491 3430 603 3499 quidam
617 3448 650 3484 ex
668 3432 800 3486 ministris
811 3433 847 3486 ad
859 3432 1061 3500 imperatorem,
1073 3429 1194 3482 dicentes
1206 3429 1230 3480 ei
1245 3447 1250 3480 :
1264 3430 1423 3496 Imperator,

233 3518 399 3581 ”immamus
409 3531 517 3582 sincere
527 3530 663 3583 bonitatem
674 3531 746 3583 bunc
753 3548 764 3594 ,¹
775 3532 872 3583 atrium
882 3530 895 3558 *
908 3529 1079 3582 arbitramur
1088 3544 1148 3579 eum
1157 3507 1357 3593 posae'concidi,
1365 3544 1424 3579 nos·

233 3612 529 3682 Mt'bweditaaincimres.
539 3628 616 3682 Tunc
627 3630 783 3699 imperator,
790 3633 902 3697 stupens
912 3643 993 3696 super
1002 3627 1061 3679 lraec
1068 3642 1129 3693 qua:
1137 3625 1254 3687 videbat,
1260 3625 1340 3693 jussit
1347 3625 1424 3678 arbo

233 3714 276 3759 ‘⁰¹¹¹
284 3728 390 3792 magnam
403 3728 491 3782 scindi
509 3728 603 3782 cuneis
615 3746 664 3798 per
676 3729 806 3790 medium,
819 3732 849 3781 nt
861 3726 999 3780 immissus
1011 3725 1039 3779 iu
1051 3742 1112 3778 eam
1130 3730 1241 3778 sanctus
1254 3729 1381 3778 extensus
1396 3731 1424 3778 et

233 3808 350 3877 muueris
360 3826 439 3880 citius
451 3826 590 3881 emitteret
601 3827 727 3897 spiritum
750 3827 819 3881 Cum
829 3842 894 3879 rero
904 3826 963 3893 ejus
972 3824 1087 3878 delicata
1097 3824 1220 3877 membra
1230 3823 1423 3888 extendissent,

197 3892 299 3966 mim
315 3922 429 3980 arboria
441 3925 511 3979 duas
523 3930 615 3995 partes
635 3925 721 3979 divisa
735 3930 805 3979 esta
819 3926 906 3994 capite
924 3925 938 3953 ⁸
956 3939 1043 3990 usque
1060 3922 1095 3975 ad
1115 3928 1204 3991 capnt
1222 3922 1274 3975 Sed
1290 3924 1348 3992 ipse
1365 3928 1424 3976 erat

233 3993 301 4064 ''5¹³‘'ss
314 4026 336 4073 a
349 4025 505 4093 glorificans
522 4026 618 4079 Deum.
636 4025 670 4079 Et
687 4042 750 4079 cnm
767 4024 884 4079 ministri
902 4023 1074 4077 nuntiassent
1090 4039 1151 4090 quae
1169 4021 1242 4075 iacta
1258 4027 1331 4084 sunt,
1344 4022 1423 4075 valde

233 4108 291 4199 fulli
303 4113 338 4173 his
356 4125 542 4188 contristatus,
560 4123 711 4191 imperator
728 4124 899 4192 excogitabat
918 4139 974 4189 qua
991 4126 1079 4174 morte
1098 4137 1160 4174 eum
1183 4121 1281 4174 finiret.
1299 4121 1423 4190 Cumque

231 4192 373 4295 lubelituum
385 4222 495 4286 adduci,
513 4223 552 4276 ait
564 4224 600 4277 ad
618 4239 697 4277 eum:
716 4225 829 4276 Iraaaola
846 4226 909 4276 diis.
919 4222 1039 4275 Marinus
1057 4220 1197 4288 respondit
1209 4240 1215 4273 z
1228 4222 1289 4273 Non
1306 4224 1422 4274 immolo.

151 4364 153 4371 .
232 4282 343 4367 'arianus
352 4318 505 4387 imperator
516 4319 584 4374 dixit
596 4341 602 4373 :
615 4322 668 4374 Per
679 4322 741 4374 deos
749 4337 847 4385 amaea,
857 4322 925 4372 rante
937 4322 1084 4386 asperrime
1094 4326 1117 4371 te
1129 4319 1293 4385 disperdam.
1306 4318 1423 4371 Sanctus

151 4408 155 4465 i
198 4382 478 4485 “fflurapondim
492 4421 570 4486 Quod
585 4422 665 4485 sacis,
681 4423 728 4485 sue
744 4422 864 4484 celerius,
879 4426 906 4471 at
919 4436 1025 4471 caream
1037 4426 1060 4471 te
1072 4427 1095 4470 et
1106 4426 1184 4485 patre
1193 4426 1240 4470 tuo
1251 4420 1366 4482 diabolo,
1375 4420 1424 4485 qui

151 4476 155 4551 ΙΙ
232 4486 306 4557 ‘'filit“
314 4512 432 4571 Quare.

260 4594 284 4654 θ·
306 4608 334 4665 bt
351 4615 443 4670 statim
461 4616 544 4684 jussit
560 4617 710 4687 imperator
729 4616 889 4670 craticulam
910 4615 1029 4684 arripere
1049 4619 1077 4667 et
1094 4615 1152 4667 lieri
1170 4614 1314 4683 plumbum
1329 4615 1423 4683 iugens

231 4692 371 4778 ‘lauerat
387 4718 417 4767 et
435 4713 556 4782 supponi
573 4716 698 4767 sanctum
717 4713 765 4767 Dei
786 4720 942 4781 martyrem.
961 4712 1120 4766 Ascendens
1137 4717 1229 4766 autem
1248 4712 1424 4766 beatissimus
