3270 5400
195 363 242 437 70
528 386 654 440 caran.
681 389 784 441 conn.
810 387 1084 440 naoroonnemc.

234 572 269 630 5.
291 574 356 627 llaec
369 577 397 628 et
409 573 451 627 his
462 574 563 628 similia
574 575 707 629 ministris
717 575 908 639 referentibus.
920 581 1060 646 coeperunt
1068 576 1175 645 judices
1186 575 1339 645 impietatis
1350 575 1422 630 inter

192 685 222 722 se
234 685 357 738 quaerere
367 669 434 739 quid
451 670 524 724 iacto
541 687 611 740 opus
627 672 662 725 sit
673 689 708 725 ne
720 671 876 726 sublimiias
895 672 1066 726 auctoritatis
1083 688 1180 726 eorum
1198 673 1282 727 unius
1299 672 1423 727 hominis

192 769 367 823 contumacia
378 770 500 838 superari
514 769 652 824 rideretur
663 776 689 824 et
698 775 872 840 contemptus
879 771 1030 840 judiciariae
1039 772 1183 840 potestatis
1193 771 1320 826 consulte
1331 770 1423 825 ulcisci

192 870 331 924 fateretur.
343 868 413 921 Data
425 868 517 939 itaque
525 870 722 924 nefandissima
733 871 924 939 praeceptione,
936 870 1081 939 capitalem
1091 870 1183 938 jussus
1195 876 1237 924 est
1253 870 1350 925 subire
1362 886 1423 924 seu·

192 968 316 1023 tentiam.
333 966 393 1035 Qun
414 968 538 1036 jussione
555 968 668 1022 hilarior
687 969 817 1033 redditus,
834 970 983 1038 gratiarum
1003 970 1122 1037 hymnos
1147 969 1205 1023 Deo
1226 968 1302 1022 Patri
1323 968 1424 1032 retulit,

192 1067 285 1121 dicens
298 1086 304 1121 ε
316 1068 447 1121 Benedico
458 1076 490 1133 te,
500 1070 588 1134 Pater,
598 1070 731 1135 rtrriyeniti
738 1071 781 1122 tui
795 1071 883 1136 pretio
894 1070 1112 1137 redemptisque*
1123 1086 1164 1121 me
1175 1071 1212 1122 ad
1223 1069 1296 1122 hanc
1304 1070 1424 1136 dipnito·

191 1173 242 1219 tem
258 1167 352 1231 pluria
368 1167 579 1218 inisericorditer
587 1167 757 1233 perduxisti,
774 1173 803 1218 ut
820 1167 950 1231 effusione
967 1168 1079 1233 proprii
1094 1168 1240 1233 sanquinis
1257 1169 1423 1219 consortium

191 1267 333 1334 adipiscar
340 1282 391 1333 pro
403 1266 445 1317 tui
456 1267 574 1318 costinis
585 1266 749 1330 corrfcssione
757 1266 874 1331 feliciter
884 1268 1064 1318 morientium.

233 1362 266 1421 6·
291 1365 414 1430 Cumque
426 1361 461 1414 nd
476 1360 667 1415 decollandum
680 1361 832 1426 duceretur,
841 1360 956 1429 Spiritus
968 1362 1056 1415 sancti
1068 1361 1155 1429 gratia
1164 1361 1316 1424 debriatus,
1325 1361 1424 1415 obrius

191 1464 218 1519 ei
235 1463 287 1517 luit
297 1462 408 1531 quidam
422 1460 594 1523 christianus,
606 1461 684 1529 cujus
695 1465 815 1513 mentem
828 1464 905 1513 tanta
916 1460 958 1513 ris
974 1460 1084 1528 superni
1097 1460 1260 1513 accenderat
1269 1460 1375 1514 amoris
1387 1465 1424 1521 ul,

191 1562 268 1616 nulla
287 1560 485 1615 interveniente
509 1576 587 1613 mora
612 1559 841 1626 interrogationis,
864 1575 894 1612 se
916 1558 1095 1612 christianum
1119 1563 1218 1627 sponte
1238 1559 1424 1628 profiteretur,

192 1661 298 1716 malens
316 1658 494 1728 temporalem
512 1658 597 1712 vitem
615 1658 737 1712 funditus
754 1658 851 1711 eodem
870 1662 1013 1712 momento
1031 1659 1144 1727 perdere
1161 1674 1245 1726 quam
1265 1659 1301 1711 ab
1321 1664 1423 1712 ceterna

191 1761 293 1815 diutius
306 1759 424 1813 virendo
436 1757 556 1827 elongari
569 1756 746 1811 beatitudine.
759 1757 810 1810 Hic
827 1773 892 1810 mox
910 1758 1124 1826 comprehensus
1141 1774 1203 1811 cum
1218 1758 1319 1811 eodem
1332 1756 1424 1811 decol-

188 1861 260 1914 latus
277 1862 327 1912 esl.
344 1858 409 1926 Ejus
422 1872 523 1910 nomen
541 1856 696 1924 ignorantes
708 1855 857 1921 christiani,
869 1856 1024 1911 Adsuetum
1042 1873 1106 1910 eum
1118 1857 1336 1925 appellaverunt,
1349 1856 1424 1926 qnod

188 1963 283 2013 sancto
295 1957 378 2011 Felici
395 1960 492 2010 auctus
504 1956 539 2009 sit
555 1956 590 2009 ad
607 1971 738 2009 coronam
756 1955 887 2023 martyrii.
899 1956 1050 2010 Geminatis
1067 1972 1132 2026 ergo
1150 1955 1255 2010 meritis
1273 1962 1301 2010 et
1319 1956 1423 2011 celebri

188 2056 364 2128 perfectionis
384 2054 524 2123 triumpho
545 2053 639 2123 ingens
660 2054 788 2123 gaudium
810 2054 935 2122 supernis
948 2054 1097 2108 intulerunt
1110 2055 1215 2108 ciuibus
1227 2060 1255 2108 et
1266 2055 1422 2110 solemnem

187 2138 312 2211 laetitiam
331 2154 460 2208 omnibus
477 2153 661 2207 adhibuerunt
678 2169 773 2207 eorum
785 2153 947 2208 memoriam
960 2154 1151 2208 recolentibus.
1162 2154 1240 2209 Passi
1253 2160 1422 2209 suntantem

189 2256 234 2309 ria
254 2253 381 2317 Ostiensi,
399 2252 479 2306 tertio
500 2251 636 2305 Kalendas
654 2252 830 2322 Septembris,
850 2252 990 2321 aperiente
1008 2253 1062 2307 illis
1079 2253 1166 2321 gratia
1184 2253 1287 2307 Christi
1308 2254 1424 2322 januam

188 2352 265 2422 regni
277 2350 400 2405 coelestis.
413 2350 533 2418 Corpora
545 2365 655 2417 quoque
668 2365 728 2402 cum
743 2349 914 2403 aromatibus
930 2348 1021 2404 linteis
1038 2350 1155 2404 honeste
1167 2351 1323 2419 composita
1336 2351 1424 2420 scpul-

188 2457 257 2507 tnrae
270 2449 463 2504 decentissimo
476 2448 581 2502 honore
593 2453 657 2501 sunt
670 2447 776 2501 tradita.

223 2551 280 2605 Nos
295 2550 415 2607 landem.
424 2547 578 2601 mirabilem
596 2548 684 2602 Deum
696 2547 725 2600 in
737 2547 839 2602 sanctis
851 2547 906 2602 snis
918 2547 1131 2612 considerantes,
1143 2548 1259 2617 supplici
1272 2550 1424 2604 devotione

191 2652 298 2706 debitas
314 2649 409 2719 pietati
421 2648 480 2717 ejus
494 2647 637 2701 reierimus
649 2647 758 2717 gratias,
770 2647 816 2716 qui
825 2648 923 2702 mortis
931 2664 988 2701 sure
997 2664 1048 2702 nos
1058 2648 1188 2702 informat
1200 2649 1330 2718 exemplo
1341 2648 1423 2704 simul

190 2756 219 2806 et
230 2754 381 2818 martyrum
398 2767 404 2801 :
420 2752 451 2800 ut
461 2762 523 2816 spos
540 2750 633 2800 nostra
645 2746 724 2800 tirma
736 2747 779 2809 sit,
792 2747 857 2800 dum
875 2763 991 2816 corpora
1003 2746 1142 2801 miraculis
1154 2754 1310 2811 coruscant,
1323 2749 1422 2803 animae

189 2846 262 2901 stola
279 2844 491 2899 immortalitatis
503 2844 662 2912 gloriantur,
673 2861 830 2913 nomenque
842 2861 935 2898 eornm
956 2845 1055 2899 inloto
1073 2846 1140 2899 orbe
1159 2851 1294 2900 terrarum
1315 2848 1423 2901 celebre

190 2946 309 3001 babetur
325 2950 352 2998 et
369 2943 512 3013 multiplici
529 2943 660 3012 suffragio
678 2945 854 2998 consolantur
871 2943 1007 3007 alumnos,
1024 2961 1134 3014 semper
1155 2945 1353 3000 intercedendo
1374 2964 1422 3016 pro

189 3043 278 3098 salute
290 3042 450 3096 viventium.
463 3041 568 3095 llnrnrn
586 3040 649 3094 lldei
667 3041 850 3095 constantiam
868 3047 1022 3111 sequentes,
1036 3042 1063 3094 in
1081 3042 1134 3095 hac
1152 3042 1278 3096 convalle
1295 3043 1423 3097 lacrima·

190 3159 251 3198 rum
264 3142 436 3196 intersertas
454 3140 619 3194 tentationes
636 3140 725 3209 positi,
737 3139 869 3194 auxilium
888 3142 1018 3210 petimus,
1029 3147 1060 3195 ut
1077 3157 1172 3195 eorum
1192 3142 1351 3196 interventu
1363 3160 1422 3211 nra·

190 3243 298 3297 dientes
317 3242 351 3294 de
371 3241 471 3294 virtute
491 3241 519 3293 in
540 3240 669 3293 virtutem
690 3240 833 3309 pervenire
851 3240 993 3294 valeamus
1014 3240 1048 3294 ad
1070 3241 1205 3294 visionem
1225 3241 1292 3294 Jesu
1313 3242 1420 3300 Christi

191 3337 301 3393 Domini
313 3338 406 3401 nostri,
424 3336 677 3406 benedictionisque
688 3337 747 3405 ejus
759 3336 844 3406 gratia
862 3337 1011 3400 conloreri,
1023 3338 1058 3391 ad
1069 3337 1181 3392 laudem
1200 3343 1228 3391 et
1244 3338 1362 3407 gloriam
1379 3338 1420 3392 sui

190 3438 277 3492 sancti
289 3437 416 3502 nominis,
428 3436 475 3505 qni
487 3453 550 3490 curn
568 3440 670 3490 caterno
682 3436 763 3489 Patre
781 3441 809 3490 et
820 3437 920 3505 Spiritu
932 3442 1028 3492 sancto
1041 3437 1109 3491 ririt
1126 3442 1154 3491 et
1169 3443 1266 3507 regnat
1284 3438 1358 3492 Deus
1375 3454 1421 3507 per

191 3537 358 3592 immortalia
369 3536 462 3590 secula
473 3535 638 3589 seculorum.
650 3535 747 3589 Amen.

415 4000 534 4088 XCII.
563 3998 688 4086 Codex
713 4000 899 4107 signatus
928 4019 973 4085 n⁰
1001 3999 1190 4088 7487-91.

223 4220 361 4274 Foliorum
379 4236 451 4273 nunc
472 4219 585 4273 omnino
604 4219 653 4272 131
676 4218 813 4288 (quamvis
832 4218 915 4272 series
927 4233 1105 4271 numerorum
1117 4217 1163 4286 qui
1180 4216 1207 4271 in
1219 4219 1338 4273 summis
1350 4218 1426 4273 foliis

191 4336 275 4375 manu
295 4318 438 4373 recentiori
461 4318 581 4388 inscripti
603 4322 673 4381 sunt,
696 4318 837 4386 perveniat
854 4318 889 4371 ad
907 4334 1053 4371 nnmerum
1072 4318 1137 4379 115,
1149 4317 1197 4370 sed
1208 4318 1343 4372 nonnulla
1356 4319 1426 4374 lolia

191 4420 281 4474 excisa
300 4423 364 4472 sunt
375 4418 396 4482 *,
408 4417 461 4471 alia
477 4433 620 4486 perperam
643 4420 737 4471 notata
748 4417 796 4482 “l,
813 4417 908 4471 iormae
920 4416 1032 4484 majoris
1045 4416 1150 4484 (0¹²,405
1160 4423 1185 4473 ><
1197 4416 1275 4482 uu).
1285 4418 1426 4472 columnis

223 4593 237 4623 ⁸
258 4591 641 4655 F011a34‚35,40,43,45‚47,
654 4590 799 4653 41151159,
817 4591 858 4651 88,
875 4591 916 4643 89.
934 4617 965 4628 -
983 4590 1011 4621 **
1029 4588 1207 4643 Praetermissi
1224 4588 1329 4645 scilicet
1349 4596 1426 4645 sunt.

189 4674 315 4745 quamvis
326 4673 400 4727 nulla
410 4673 473 4727 lolia
483 4673 526 4728 his
535 4673 602 4726 locis
610 4672 804 4737 desiderentur,
811 4671 919 4725 numeri
929 4672 984 4736 136,
993 4673 1048 4736 156,
1061 4673 1114 4729 lib,
1127 4672 1181 4729 177,
1193 4672 1240 4726 197
1250 4676 1277 4726 et
1287 4689 1302 4726 e
1312 4674 1426 4728 diverse*¹

190 4757 231 4812 bis
243 4756 350 4826 repetiti
363 4755 470 4809 numeri
481 4757 522 4820 st,
535 4756 590 4820 lta,
604 4756 659 4810 139.
