3270 5400
362 342 454 395 erac.
471 341 553 393 nro.
572 341 746 394 nnuxrnc.
766 362 814 372 —
831 341 911 393 coo.
929 341 964 393 n.
982 340 1098 394 rmnt.
1116 337 1176 409 art,
1190 339 1250 393 aar.
1350 319 1423 392 437

235 649 303 737 00.
323 647 448 736 codex
466 648 572 759 apud
589 649 636 735 D.
655 647 856 760 Phillipps
873 649 1057 755 signatus
1074 661 1117 732 n⁰
1133 646 1227 756 324,
1243 645 1344 751 327(
1368 653 1391 752 ).

225 895 367 950 Foliorum
381 894 436 958 154,
448 894 544 948 iomrae
560 893 659 948 mediae
676 893 781 959 (003⁹AE
803 900 828 952 ><
847 893 940 960 0338),
959 892 1029 947 binis
1048 893 1191 958 columnis,
1203 892 1282 947 lineis
1294 893 1426 962 graphide

193 994 284 1049 ductis
295 997 413 1048 exeunte
429 993 522 1048 seculo
540 993 590 1046 llll
602 1009 619 1046 a
631 992 745 1046 diversis
762 993 890 1046 manibus
908 997 1042 1046 exaratus.
1061 991 1144 1046 Tituli
1157 991 1287 1046 rubricati
1299 997 1378 1053 sunt;
1391 992 1426 1046 ad

194 1094 300 1148 litteras
318 1092 437 1160 majores
449 1092 622 1146 deducendas
639 1091 779 1146 adbibitus
796 1096 838 1145 est
854 1092 963 1155 rubeus,
982 1092 1113 1145 caenrleus
1130 1096 1214 1159 atque
1232 1090 1326 1145 viridis
1344 1091 1427 1146 color.

195 1193 328 1248 Ultimam
340 1192 441 1246 codicis
452 1195 557 1261 partem
571 1191 688 1245 scelesta
700 1207 798 1244 manus
807 1190 898 1259 potius
907 1206 991 1259 quarn
1000 1190 1119 1244 flammae
1132 1190 1288 1244 incendium
1301 1188 1426 1244 vastavit.

194 1292 239 1347 Ad
251 1291 383 1361 originem
395 1306 460 1345 vero
470 1291 689 1360 cognoscendam
701 1290 867 1344 offendimus
879 1290 926 1343 iol.
935 1292 960 1343 1¹
968 1293 1064 1343 notam
1074 1289 1189 1343 forsitan
1197 1289 1233 1342 ab
1244 1289 1304 1357 ipso
1313 1289 1427 1343 domino

194 1391 328 1460 Phillipps
338 1391 468 1459 scriptam
483 1406 544 1460 quea
554 1391 595 1445 sic
604 1389 690 1444 habet
701 1408 707 1444 :
718 1393 792 1457 from
808 1391 852 1444 tlte
868 1391 934 1457 obey
950 1391 983 1456 of
996 1388 1028 1442 St
1038 1389 1136 1443 Bertin
1152 1405 1222 1443 neor
1236 1390 1428 1444 Vclmienncs

196 1491 279 1560 (torte
290 1507 341 1560 pro
352 1496 448 1544 sancto
460 1489 639 1556 Andomaro).

299 1695 334 1766 1⁰
360 1690 537 1764 Miracrrla
553 1690 590 1764 S.
609 1688 797 1762 Benedicti
814 1687 960 1763 abbatis
978 1687 1052 1785 (iol.
1074 1690 1213 1783 1¹·19‘).

231 1821 310 1876 Edita
321 1820 351 1874 in
363 1821 436 1874 Mon.
447 1821 546 1883 Germ,
557 1834 609 1872 scr.
618 1822 685 1872 tom.
695 1816 751 1883 XV,
762 1820 832 1886 part.
844 1833 862 1881 1,
871 1833 896 1886 p.
908 1817 1027 1871 478500.

297 1923 334 1995 E⁰
361 1919 573 1994 Translatio
604 1918 768 2011 corporis
798 1918 835 1992 S.
858 1917 1047 1992 Benedicti
1076 1921 1189 2011 atque
1220 1916 1431 1993 Scolasticae

348 2035 487 2110 sororis
504 2035 672 2129 ejusdem
685 2032 760 2130 (fol.
777 2032 937 2128 ΜΨ).

234 2164 309 2231 ibid,
318 2181 345 2233 p.
356 2163 408 2218 480
418 2179 478 2232 sqq.

299 2268 337 2340 3⁰
364 2265 493 2339 Sermo
511 2263 652 2338 Odonis
678 2262 825 2336 abhatis
849 2261 889 2336 in
915 2262 1160 2336 translatione
1185 2263 1243 2335 vel
1272 2265 1433 2338 tumula-

349 2380 449 2454 tione
467 2378 586 2453 sancti
603 2378 790 2452 Benedicti
808 2377 954 2451 abbatis
972 2377 1045 2473 (iol.
1066 2377 1228 2475 rev-cc).

236 2511 330 2565 Editus
342 2511 415 2579 apud
428 2509 549 2574 Marrier,
559 2509 726 2562 Bibliotheca
739 2509 934 2571 cluniacensis,
946 2523 973 2575 p.
987 2507 1035 2561 138
1046 2523 1106 2576 sqq.

300 2614 340 2684 4⁰
365 2609 452 2683 Vita
467 2609 503 2682 S.
526 2607 715 2683 Ambrosii
732 2607 1019 2682 Mediolanensis
1038 2608 1140 2683 urbis
1157 2605 1320 2702 episcopi
1337 2607 1436 2682 edita

350 2749 373 2800 a
388 2726 546 2799 Paulino
563 2723 681 2816 ipsius
699 2723 888 2797 Ambrosii
906 2723 1085 2816 discipulo
1103 2722 1177 2820 (iol.
1197 2724 1357 2820 ref-33¹).

235 2856 315 2910 Edita
324 2855 398 2924 apud
410 2855 507 2924 bligne,
519 2853 548 2908 P.
560 2853 599 2920 la,
608 2857 676 2908 tom.
689 2852 758 2918 xtV,
767 2870 792 2922 p.
805 2853 837 2907 at
850 2868 910 2921 sqq.

302 2957 340 3032 5ο
365 2956 450 3030 Vita
468 2956 504 3029 S.
524 2955 651 3029 Basilii
668 2954 830 3047 episcopi
856 2953 1065 3048 conscripta
1085 2977 1109 3028 a
1134 2959 1264 3028 sancto
1282 2954 1436 3047 Amphi·

349 3072 472 3146 lochio
489 3070 614 3146 Iconio
632 3069 803 3163 episcopo
832 3070 931 3162 apud
957 3069 1094 3144 Grecos
1119 3070 1216 3144 inter
1240 3069 1437 3163 scriptores

352 3186 583 3262 chatholicos
595 3183 897 3259 nominatissimo
914 3182 988 3280 (iol.
1008 3185 1170 3282 33¹·45¹).

238 3317 300 3373 Vita
311 3318 345 3371 de
355 3317 474 3387 quajarn
484 3333 556 3384 saepe
566 3319 659 3369 actum
671 3319 726 3378 est3
739 3314 802 3369 ride
814 3329 904 3382 supra,
914 3330 940 3382 p.
952 3316 993 3380 EO,
1003 3315 1073 3368 108⁰.

302 3417 340 3489 6ο
365 3415 452 3488 Vita
468 3415 504 3487 S.
523 3412 724 3505 Augustini
741 3412 902 3504 doctoris
919 3412 958 3484 in
978 3410 1129 3486 ecclesia
1142 3411 1297 3485 maximi
1311 3434 1333 3486 a
1346 3435 1437 3506 quo-

355 3531 442 3604 dam
455 3528 624 3603 Possidio
641 3527 804 3621 primurn
823 3527 901 3600 eius
919 3526 1098 3619 discipulo
1116 3532 1246 3620 postea
1264 3527 1436 3622 episcopo

353 3646 451 3719 iacto
470 3643 681 3719 calamensi
697 3642 771 3738 (iol.
785 3642 946 3740 45264‘).

237 3777 318 3831 Edita
327 3777 357 3830 iu
369 3780 429 3830 Act.
442 3775 497 3841 SS„
506 3779 572 3830 tom
585 3773 621 3828 Vl
633 3773 711 3842 Aug..
722 3789 795 3842 saepe
808 3772 866 3836 cit;
878 3772 947 3826 Vitae
959 3786 1083 3826 annexus
1094 3775 1136 3825 est
1148 3772 1289 3841 catalogus
1303 3772 1437 3828 librorum

202 3891 273 3945 qnos
282 3875 379 3929 beatus
390 3873 558 3942 Augustinus
570 3871 740 3940 conscripsit.
751 3871 818 3926 Vide
830 3870 904 3936 ibid..
916 3888 942 3940 p.
956 3871 1004 3924 441
1014 3885 1073 3940 sqq.

305 3977 342 4048 7⁰
366 3974 452 4047 Vita
465 3979 643 4066 actusque
656 3969 972 4046 neatitheronimi
985 3969 1176 4064 presbiteri
1189 3970 1264 4068 (iol.
1277 3973 1437 4071 tuf-67¹).

238 4105 318 4160 nuta
329 4104 402 4175 apuu
411 4103 508 4172 uigne,
516 4103 545 4158 P.
559 4104 597 4169 1..
606 4107 673 4158 tom.
686 4102 768 4168 tntu,
778 4118 804 4171 p.
817 4101 866 4156 183
877 4117 936 4170 sqq.

239 4288 274 4350 (i)
286 4285 338 4340 llic
347 4286 405 4353 jnm
417 4283 513 4354 incipit
528 4284 613 4338 series
629 4282 676 4338 illa
696 4282 947 4350 manuscriptorum
965 4297 1027 4350 quaa
1044 4283 1135 4336 studio
1153 4287 1181 4336 et
1198 4282 1332 4337 industria
1349 4284 1439 4339 claris

203 4368 327 4423 simiriri
337 4366 504 4428 (lllueleus,
513 4366 762 4434 manuscriptorum
771 4366 951 4419 asservatoris
961 4364 989 4418 in
999 4365 1073 4433 regia
1082 4364 1438 4429 Bruxelleusi,Gubernium

205 4450 292 4518 Belgii
301 4465 335 4503 ex
344 4448 438 4503 relicta
450 4447 621 4503 bibliotheca
632 4447 737 4501 domini
748 4446 863 4500 Thomae
878 4446 1009 4515 Phillipps
1022 4447 1201 4515 comparavit.
1209 4446 1300 4513 Quum
1308 4465 1374 4502 vero
1384 4465 1439 4503 non

204 4531 261 4586 sint
271 4531 324 4585 nisi
337 4534 399 4599 post
410 4535 518 4598 tempos
530 4530 597 4582 satis
608 4529 720 4597 longum
732 4533 807 4582 certa
818 4529 883 4582 sede
895 4532 1026 4596 certoque
1038 4544 1154 4581 numero
1167 4529 1237 4582 inter
1249 4529 1441 4586 Bruxellenses

204 4613 314 4668 codices
333 4611 463 4675 donandi,
485 4611 548 4665 ideo
569 4610 604 4664 ad
623 4612 677 4664 hos
696 4610 885 4678 designandos.
906 4625 1054 4663 numerum
1076 4609 1271 4664 adhibebimus
1292 4628 1347 4679 quo
1367 4612 1442 4679 apud

203 4695 350 4751 dominum
363 4693 498 4763 Phillipps
510 4694 685 4747 notabantur.
