3270 5400
431 312 523 363 mm.
542 311 623 363 nuo.
643 312 817 364 eausam.
838 334 884 344 —
903 313 982 363 coo.
1001 307 1038 362 ΝΟ
1055 309 1197 363 eres-eoo.
1361 291 1431 364 339

384 592 514 682 univ.
544 594 668 683 codex
696 596 882 705 signatus
908 614 952 680 n⁰
978 593 1195 685 9598-606.

228 812 280 866 llic
288 814 376 866 codex
385 813 515 867 soliorum
525 815 569 868 171
580 818 688 867 constat
697 814 820 882 pluribus
830 815 992 883 fragmentis
1002 815 1029 868 in
1039 830 1124 867 unum
1136 813 1294 881 compactis.
1300 812 1432 877 Primum,

197 910 324 965 loliorum
332 917 403 968 octo.
417 913 512 966 iormae
525 913 624 966 mediae
636 914 741 977 (0¹³‚317
753 922 778 969 ><
790 915 885 979 0200),
895 913 1062 981 descriptum
1075 918 1115 966 est
1128 929 1181 965 sec.
1189 912 1236 965 XV
1247 912 1327 965 lineis
1336 912 1432 981 plenis,

195 1011 282 1064 titulis
298 1011 451 1080 litterisque
471 1012 622 1078 majoribus
643 1013 795 1066 rubricatis.
816 1013 981 1079 Secundum,
1001 1012 1130 1066 loliorum
1158 1013 1197 1075 74,
1221 1012 1316 1064 formae
1336 1011 1433 1065 rnediae

195 1109 302 1174 (0²,3e5
314 1118 338 1167 ><
353 1112 447 1177 0314),
465 1111 538 1164 binis
550 1111 693 1174 columnis,
714 1111 793 1166 lineis
810 1113 941 1181 graphide
963 1112 1059 1174 ductis,
1078 1110 1178 1180 duplici
1190 1127 1276 1164 manu
1289 1114 1432 1164 exaratum

195 1213 239 1264 est
250 1226 302 1263 sec.
313 1209 384 1263 Xlll.
394 1209 478 1263 Tituli
487 1210 534 1263 ubi
546 1210 638 1279 scripti
648 1215 720 1274 sunt,
730 1211 869 1275 rubricati,
879 1211 999 1280 itemque
1010 1211 1108 1264 litterae
1120 1211 1253 1277 nmjores;
1263 1209 1307 1262 hae
1316 1208 1433 1264 subinde

194 1307 319 1362 admixto
339 1308 457 1363 caeruleo
475 1309 567 1362 colore
587 1326 643 1362 non
660 1309 826 1378 ineleganter
847 1314 985 1363 exornatur
1005 1314 1077 1362 sunt.
1090 1309 1223 1371 Tertium,
1244 1308 1373 1362 loliorum
1391 1308 1432 1373 37,

194 1406 292 1459 formes
311 1407 408 1460 mediae
420 1407 508 1471 (0¹¹,3l
524 1415 550 1464 Χ
564 1408 657 1472 0315),
670 1408 770 1476 duplici
784 1408 920 1472 columna,
932 1408 1012 1461 lineis
1029 1408 1161 1477 graphide
1179 1407 1277 1472 ductiS,
1290 1407 1433 1475 descripsit

193 1521 296 1559 manus
307 1522 360 1559 sec.
371 1506 439 1560 XIV.
452 1506 536 1561 Tituli
549 1506 680 1561 rubricati
689 1507 811 1575 itemque
828 1507 925 1561 litterae
937 1508 1065 1573 majores.
1078 1507 1212 1574 Quartum
1226 1506 1338 1560 exhibet
1352 1505 1433 1559 nobis

193 1604 318 1657 codicem
328 1621 509 1674 papyraceum
523 1605 653 1660 foliorum
663 1607 704 1669 3l,
715 1606 812 1660 mediae
826 1606 921 1659 tormae
931 1606 1036 1672 (0¹⁰,nt3
1051 1614 1075 1660 ><
1088 1608 1177 1670 oete)
1190 1605 1293 1673 duplici
1303 1605 1433 1658 columna

194 1703 362 1771 descriptum
376 1719 449 1757 anno
464 1705 535 1757 1527.
545 1704 652 1757 Etenim
672 1704 761 1772 legere
774 1709 816 1757 est
828 1704 873 1757 nn.
886 1706 932 1757 nov
948 1705 1030 1757 Finis
1041 1723 1112 1758 unico
1124 1706 1237 1757 Domini
1249 1708 1314 1758 1527
1322 1706 1432 1772 septinto

194 1801 337 1855 Kalendae
354 1804 524 1870 Septembris.
542 1803 664 1856 Tandem
678 1804 805 1857 ultimum
820 1803 1013 1872 fragmentum,
1025 1802 1154 1857 loliorum
1170 1804 1208 1866 le,
1221 1803 1319 1857 medice
1336 1803 1432 1856 forruae

194 1900 286 1964 (0¹²3ss
298 1908 322 1954 ><
332 1902 410 1965 ono),
423 1901 588 1970 descriptum
602 1908 643 1954 est
653 1902 732 1956 lineis
745 1901 831 1970 plenis
841 1918 894 1955 sec.
907 1901 977 1956 Xlll.
990 1901 1074 1956 Tituli
1087 1918 1118 1955 ac
1131 1902 1228 1955 litterae
1243 1902 1363 1969 majores
1375 1917 1432 1954 non

194 1998 366 2067 ineleganter
378 2004 516 2053 exornata
527 2001 609 2054 rubro
622 2001 735 2069 depictae
747 2006 819 2054 sunt.

231 2097 281 2151 Hic
294 2098 380 2151 codex
394 2097 460 2151 olim
479 2098 530 2151 luit
542 2099 568 2152 S.
581 2100 728 2153 Laurentii.
748 2100 855 2153 Etenim
874 2100 902 2154 in
921 2100 1037 2153 adversa
1054 2104 1131 2169 parte
1148 2099 1238 2153 ultimi
1256 2099 1314 2152 folii
1332 2100 1433 2167 scripta

194 2200 261 2250 sunl
269 2198 414 2264 sequentia
424 2198 522 2251 :Liber
535 2200 561 2251 S.
570 2199 718 2252 Lortrentii
729 2201 758 2251 in
771 2200 878 2252 Laudic.
888 2200 919 2251 Si
930 2202 992 2266 quis
1004 2216 1063 2251 eum
1075 2201 1161 2265 feeerit
1168 2200 1283 2264 furatus
1293 2199 1332 2251 vel
1340 2200 1430 2252 vendi·

195 2297 277 2362 derit,
288 2298 433 2349 anatliema
444 2299 488 2349 sit.
500 2298 573 2349 Fiet.
585 2299 658 2350 Fica.
672 2299 744 2351 Fiat.
757 2300 861 2361 sionem·
874 2314 905 2350 ac
918 2297 998 2364 paulo
1012 2297 1124 2350 interius
1134 2297 1233 2350 iterum
1241 2316 1248 2351 ι
1256 2298 1433 2351 Sancn‘La-u·

194 2397 280 2448 rentii
291 2397 321 2447 in
339 2396 448 2449 Leodio.
461 2396 574 2464 Insuper
584 2395 683 2449 litterae
695 2396 739 2448 LL
754 2400 818 2449 sunt
829 2395 936 2464 scriptae
953 2395 981 2449 in
999 2400 1077 2464 parte
1095 2400 1170 2449 recta
1187 2395 1269 2464 primi
1286 2395 1353 2460 folii,
1365 2397 1432 2450 item

193 2491 244 2546 fol.
255 2493 306 2557 82¹,
318 2495 385 2546 item
395 2494 423 2546 in
436 2493 502 2547 folio
519 2497 541 2547 p
554 2511 716 2563 papyraceo.
729 2495 851 2548 'laudern
864 2499 974 2547 notetur
986 2494 1103 2548 indicem
1116 2498 1317 2555 contentorum,
1326 2495 1432 2548 incom-

195 2591 302 2660 pletum
312 2592 425 2660 quidem
437 2592 524 2654 illum,
537 2594 669 2662 scriptum
682 2610 742 2647 esse
754 2595 783 2648 in
796 2598 873 2661 parte
883 2598 956 2646 recta
968 2593 1048 2662 primi
1062 2593 1128 2646 lolii.

299 2777 335 2846 1⁰
360 2773 488 2846 Oratio
516 2775 562 2847 ad
589 2776 626 2850 S.
645 2775 915 2848 Wolbodonem
941 2775 1156 2867 episcopum
1180 2781 1217 2849 et
1244 2776 1429 2850 confesso-

344 2910 423 2962 rem
437 2889 516 2981 (lol.
535 2893 595 2982 lv).

459 3036 517 3088 Ave
529 3042 607 3103 pater·
618 3053 775 3105 egenorum,
789 3066 820 3074 —
833 3036 968 3090 Wolbodo
980 3036 1160 3101 sanctissime,

426 3133 595 3188 Relevumen
607 3135 781 3198 afflictorum,
794 3163 826 3171 -
838 3135 937 3203 praesul
949 3135 1134 3199 devotissime,

427 3232 485 3285 Ave
495 3248 604 3301 gemma
616 3232 814 3295 consessorum,
825 3260 857 3272 -
869 3232 1009 3301 signorum
1022 3232 1182 3298 clarissime,

427 3329 493 3399 Spes
506 3334 533 3383 et
542 3331 615 3383 salus
625 3330 825 3399 languidorum,
837 3359 869 3367 -
883 3332 1014 3384 virtutum
1027 3331 1169 3385 ditissime.

457 3446 566 3499 Dudum
580 3447 706 3514 prudens,
717 3447 788 3514 plue,
799 3451 898 3509 castus
912 3446 1061 3501 -sobrius
1075 3452 1103 3500 et
1114 3448 1235 3514 humilis,

425 3544 519 3598 Hostis
531 3544 653 3597 evitabas
665 3549 749 3603 astus,
760 3573 792 3581 —
810 3545 908 3612 spretis
921 3545 980 3612 ejus
988 3544 1085 3612 jaculis
1092 3564 1099 3608 ;

425 3643 491 3696 Tuis
504 3659 577 3712 erqo,
586 3659 687 3711 quaeso,
696 3649 790 3712 pastus
803 3644 1033 3713 —exemplorum
1047 3643 1181 3707 formulis

425 3745 456 3798 ln
469 3761 513 3798 me
524 3745 601 3797 irena
611 3743 706 3797 muudi
718 3744 814 3806 fastus,
826 3744 967 3812 -pressis
980 3743 1069 3797 carnis
1080 3743 1206 3798 stimulis,

456 3861 544 3930 utqui
556 3861 696 3928 quondam
708 3860 869 3913 distributor
883 3859 1086 3913 -lacultatum
1097 3860 1197 3923 fueras,

425 3960 593 4029 Pupillorum
607 3975 717 4027 quoque
727 3963 801 4012 tutor
813 3986 845 3998 -
858 3958 901 4011 his
911 3975 991 4027 opem
1005 3958 1170 4022 contuleras,

421 4059 486 4114 Mihi
499 4077 566 4129 rogo
579 4061 616 4114 sis
628 4061 744 4127 adjutor,
756 4087 788 4099 -
801 4064 831 4112 ut
844 4075 923 4113 veras
935 4059 1055 4124 divitias,

424 4156 529 4222 Quibus
540 4156 596 4223 jam
610 4172 688 4223 egere
701 4161 789 4224 putor,
802 4184 834 4193 -
846 4155 995 4224 acquiram,
1007 4160 1035 4209 et
1047 4155 1162 4210 caelicas.

455 4267 538 4321 Juxta
550 4267 676 4320 tumbam
685 4283 741 4335 qun
752 4267 848 4320 locatae
861 4295 893 4306 -
904 4283 988 4320 sacrae
1000 4272 1064 4321 sunt
1077 4268 1192 4333 exuviae,

423 4365 554 4418 lnauditae
566 4369 631 4417 sunt
643 4369 754 4432 patratae
766 4391 799 4403 -
812 4366 928 4418 uirtutes
941 4364 1065 4429 eximioe;

419 4464 555 4518 Sanitates
567 4468 734 4526 restauratae,
744 4491 776 4503 -
785 4464 921 4533 propulsae
934 4464 1076 4518 molestiae.

421 4561 490 4616 lllud
503 4579 566 4631 ergo
579 4578 700 4631 precora
713 4566 748 4627 te,
757 4589 790 4601 -
801 4577 847 4615 me
859 4565 951 4615 mente
960 4566 989 4616 et
999 4578 1114 4631 corpore

424 4662 483 4716 Tua
495 4677 588 4716 serves
597 4662 698 4732 pietate
711 4689 742 4701 -
760 4665 788 4715 et
799 4661 933 4715 mundum
943 4677 961 4716 a
972 4659 1095 4716 crimine.
