3270 5400
389 385 482 434 BIBL.
500 385 580 435 REG.
600 385 770 436 BRUXELL.
790 408 837 415 -
855 387 1001 438 APPEND.
1021 388 1067 438 Ab
1085 389 1163 439 COD.
1182 380 1221 439 N⁰
1239 386 1314 441 ilbi.
1421 369 1464 443 21

252 573 360 640 gratuito
380 588 495 626 munere
513 571 552 626 eis
571 572 695 642 prestitit
714 590 762 642 per
779 574 902 642 martyrii
922 574 1064 629 victoriam
1082 576 1116 628 de
1133 576 1213 629 hoste
1230 577 1345 631 humani
1363 580 1469 646 generis

252 669 403 724 mirabiliter
415 672 591 740 triumphare.
604 673 633 725 lu
645 689 701 740 qua
709 690 738 725 re
748 673 806 739 ejus
818 674 1019 741 magnificentia
1028 679 1056 726 et
1068 673 1153 726 virtus
1165 691 1198 727 eo
1210 675 1297 744 magis
1310 676 1470 729 admiranda

251 774 274 820 et
283 770 452 836 praedicanda
463 775 640 834 monstratur,
652 771 725 839 quod
743 787 800 824 non
809 771 900 848 solum
914 771 986 833 viris,
999 771 1025 825 id
1044 776 1085 825 est
1102 773 1202 825 sanctis
1219 773 1357 842 apostolis,
1370 779 1469 841 marty·

250 867 316 920 ribus
326 867 367 921 rel
380 869 591 932 confessoribus,
600 886 693 922 verum
707 870 790 923 etiam
803 870 831 922 in
843 886 910 923 sexu
923 870 1018 938 fragili,
1037 871 1136 923 teneris
1146 871 1255 924 lerninis
1268 878 1295 925 et
1312 873 1470 941 virginibus,

224 964 369 1021 trirtutem
382 971 409 1018 et
426 965 616 1019 fortitudinem
627 972 732 1019 tantam
751 967 904 1031 contulerit,
922 973 953 1020 ut
970 972 1073 1036 quanto
1091 967 1167 1021 illata
1184 984 1201 1020 a
1218 969 1327 1037 perfidis
1344 969 1470 1037 graviora

249 1080 382 1131 poenarum
401 1081 503 1133 genera
519 1082 653 1134 perpessa
665 1066 726 1131 sint,
739 1071 824 1130 tanto,
843 1083 899 1120 non
916 1067 1011 1133 solum⁸
1025 1067 1124 1119 invicte
1142 1068 1334 1121 verumetiam
1347 1068 1424 1121 vultu
1442 1075 1470 1122 et

249 1162 333 1214 animo
346 1162 429 1214 alacri
442 1167 579 1216 tormenta
596 1163 757 1226 deridentes,
775 1164 840 1232 ipsis
859 1164 980 1225 devictis,
999 1164 1152 1216 christiana
1169 1164 1232 1217 fidei
1250 1165 1469 1232 persecutoribus

248 1259 302 1326 plus
313 1260 482 1314 contusionis
494 1267 521 1314 et
536 1262 658 1315 horroris
671 1261 818 1315 intulerint.
837 1263 877 1314 Ex
895 1279 1011 1330 quarum
1024 1278 1139 1315 numero
1155 1262 1195 1314 vel
1209 1264 1346 1316 consortio
1358 1263 1467 1316 beatam

247 1356 320 1418 banc,
337 1359 416 1425 cujus
436 1359 517 1412 bodie
535 1360 658 1414 natalitia
676 1361 853 1421 celebramus,
871 1361 947 1429 quasi
967 1361 1105 1413 inventam
1123 1361 1280 1414 novissimis
1299 1363 1468 1430 temporibus

211 1465 232 1514 tt
247 1457 387 1523 pretiosam
407 1458 592 1525 margaritam,
612 1459 646 1511 ad
664 1460 784 1511 medium
804 1460 977 1527 proferimus
997 1463 1024 1512 et
1044 1460 1183 1527 quomodo
1202 1460 1236 1512 ab
1258 1460 1368 1513 ineunte
1387 1465 1467 1513 aetate

246 1555 305 1607 satis
317 1555 374 1608 Deo
386 1556 494 1620 devota,
506 1558 581 1625 prius
599 1558 709 1626 quidem
723 1575 739 1610 a
752 1548 905 1610 carnalibus
923 1558 1064 1611 desideriis
1081 1565 1191 1611 mortua
1209 1559 1237 1611 in
1255 1565 1354 1621 mente,
1372 1563 1467 1626 postea

245 1670 290 1721 pro
301 1655 419 1708 Domino
432 1657 503 1709 mori
516 1657 633 1710 voluerit
644 1657 672 1709 in
684 1674 806 1725 corpore,
815 1674 942 1710 sermone
952 1657 1014 1710 lieet
1027 1659 1124 1726 impari
1135 1657 1257 1726 dignitati
1269 1659 1335 1725 elue,
1347 1659 1467 1727 pandere

246 1767 383 1806 conamur.

282 1849 314 1907 6.
339 1852 424 1919 Igitur
436 1869 491 1920 quo
508 1856 630 1920 tempore
642 1854 739 1906 beatus
750 1853 932 1909 vindicianus,
945 1859 1065 1907 asancto
1078 1854 1194 1908 Vedasto
1205 1860 1326 1919 octavus,
1340 1855 1466 1911 Camera-

207 1957 230 2004 u
246 1950 329 2002 censis
340 1966 390 2002 seu
401 1950 588 2004 attrebatensis
600 1951 719 2004 ecclesiae
731 1951 788 2004 sedi
800 1951 970 2019 praesidebat,
983 1952 1040 2004 haec
1053 1958 1148 2004 sancta
1166 1952 1192 2004 in
1205 1954 1393 2007 cameracensi
1406 1970 1466 2022 pro-

244 2049 328 2101 vincia
342 2049 443 2102 inclitis
460 2051 608 2103 admodum
622 2050 788 2119 parentibus
806 2056 861 2103 tarn
874 2050 1015 2103 nobilitate
1034 2051 1139 2118 generis
1157 2068 1239 2118 quam
1258 2053 1389 2120 religiosa
1403 2055 1466 2107 vltae

244 2147 351 2211 meritis,
362 2153 443 2215 prout
461 2149 591 2201 secularia
610 2150 718 2216 negotia
730 2150 932 2218 permittebant.
944 2148 1115 2218 pollentibus,
1125 2155 1201 2217 patre
1214 2150 1324 2218 quidem
1338 2152 1466 2216 Hunlino,

244 2253 327 2300 matre
347 2264 413 2301 vero
435 2249 594 2303 Amaltrude
615 2251 728 2303 feliciter
749 2250 897 2319 progenita,
918 2249 1023 2302 felicius
1044 2250 1142 2303 exinde
1163 2251 1275 2317 perenni
1298 2253 1373 2305 fonte
1394 2255 1464 2306 sacri

245 2347 412 2414 baptismatis
425 2354 526 2407 renata.
537 2366 639 2402 nomen
648 2350 745 2418 adepta
757 2355 798 2402 est
809 2350 982 2403 Maxelendis.

202 2447 228 2496 tt
284 2443 316 2498 7.
341 2442 408 2508 Quae
426 2459 488 2495 cum
502 2443 620 2511 diligenti
634 2460 698 2496 cura
715 2448 858 2511 parentum
876 2461 908 2496 ac
926 2444 1065 2497 solertiore
1084 2445 1219 2497 nutricum
1239 2462 1287 2498 seu
1305 2446 1465 2499 ancillarum

243 2540 394 2609 provisione
407 2540 530 2604 educata,
542 2540 577 2591 ab
589 2540 704 2593 infantia
720 2542 749 2594 in
767 2541 965 2608 provectiorem
984 2540 1174 2594 adolescentie
1192 2542 1333 2594 transisset
1349 2547 1466 2605 aetatem,

243 2657 295 2694 nou
312 2640 393 2702 illico,
405 2643 437 2692 ut
454 2638 554 2692 assolet
570 2639 616 2692 illa
633 2639 720 2692 facilis
738 2645 804 2692 aetas
823 2639 983 2706 puellarum,
1001 2639 1078 2692 vanis
1096 2656 1190 2693 earum
1208 2641 1405 2694 conventiculis
1423 2640 1467 2693 vel

243 2738 383 2806 colloquiis
393 2738 540 2791 immisceri
552 2755 601 2792 nec
615 2738 724 2791 lubricis
735 2739 858 2792 moribus
867 2738 1030 2791 secularium
1045 2738 1209 2791 feminarum
1221 2737 1307 2792 voluit
1316 2739 1465 2807 implicari:

241 2836 286 2889 sed
304 2836 369 2889 totis
388 2835 600 2904 praecorfflomrn
618 2836 744 2888 medullis
762 2835 853 2889 timori
875 2836 983 2888 Domini
1005 2834 1168 2903 mancipata,
1186 2840 1319 2903 quantum
1337 2836 1467 2902 juventus

199 2937 226 2987 25
242 2932 298 3001 ipsa
309 2933 472 3001 patiebatur,
490 2932 643 2999 evangelica
656 2936 790 3000 praecepta
803 2933 830 2984 in
842 2936 946 2984 secreto
964 2931 1080 2999 pectoris
1097 2931 1320 3000 amplectebatur.
1338 2932 1377 2985 De
1390 2933 1467 2999 cujus

240 3031 389 3100 probabilis
401 3033 464 3084 vitre
476 3031 676 3095 exercitatione,
686 3031 756 3084 inter
768 3036 858 3083 cetera
869 3030 998 3084 virtutum
1012 3030 1118 3097 merita,
1127 3031 1181 3083 hoc
1189 3030 1353 3083 humilitatis
1363 3031 1466 3098 insigne

240 3131 349 3199 gerebat
361 3130 437 3198 quod
448 3130 539 3182 studio
554 3130 596 3182 vel
607 3130 682 3182 lluxu
694 3130 874 3197 pretiosarum
893 3129 1010 3181 vestium
1029 3129 1189 3181 nullomodo
1203 3146 1298 3182 vacare
1311 3130 1429 3183 volebat.
1442 3131 1466 3182 A

240 3246 354 3298 quarum
373 3228 496 3297 appetitu
514 3233 607 3296 pastor
624 3229 750 3281 Ecclesiae
769 3228 796 3280 in
814 3227 928 3296 epistola
948 3244 998 3279 sua
1018 3227 1145 3280 mulieres
1156 3244 1330 3297 compescere
1344 3227 1465 3281 curavit:

240 3333 368 3380 ornantes
380 3344 418 3391 se,
430 3327 563 3394 iuquiens,
580 3342 635 3379 nou
648 3328 676 3380 in
688 3326 765 3379 tortis
777 3326 897 3379 crinibus
910 3331 936 3378 et
948 3343 1015 3379 auro
1035 3326 1077 3378 vel
1094 3327 1247 3394 margaritis
1260 3327 1302 3380 vel
1315 3333 1390 3380 veste
1408 3343 1466 3394 pre·

196 3427 224 3479 u
240 3426 316 3479 tlosa,
337 3427 435 3479 Cetera
455 3442 520 3479 vero
540 3426 684 3478 mulierum
705 3430 874 3487 ornamenta,
895 3425 997 3478 scilicet
1017 3428 1128 3494 torques
1152 3426 1179 3479 in
1202 3426 1281 3488 collo,
1301 3426 1415 3479 monilia
1439 3426 1466 3480 in

238 3531 346 3593 pectore
359 3525 403 3577 vel
421 3524 616 3578 discriminalia
628 3530 654 3577 et
671 3524 754 3592 pallia
768 3525 825 3577 sive
843 3524 896 3576 alia
908 3523 1069 3593 multiplicia
1087 3525 1188 3593 quibus
1199 3531 1302 3577 ornata>
1315 3525 1357 3577 vel
1375 3541 1465 3593 super·

239 3625 344 3677 bientes
355 3624 420 3677 filice
432 3624 503 3691 Syon
515 3629 625 3677 extento
638 3623 708 3676 collo
720 3623 889 3688 incedebant,
902 3623 947 3676 illa
965 3623 1078 3675 ornniuo
1094 3623 1168 3675 velut
1180 3623 1297 3676 nibilum
1312 3625 1465 3690 respuebat,

238 3723 302 3792 quia
313 3723 390 3776 illam
406 3723 539 3789 majorem
558 3722 787 3792 pulchritudinem
800 3722 889 3775 cordis
900 3722 942 3774 sui
961 3722 1108 3785 ambiebat,
1129 3727 1159 3775 ut
1177 3722 1202 3775 ei
1220 3722 1263 3774 cui
1275 3739 1304 3774 se
1317 3722 1466 3774 devoverat

237 3837 286 3888 per
298 3822 392 3876 omnia
403 3820 510 3889 placere
522 3827 623 3888 posset.

193 3918 222 3969 35
278 3918 313 3976 8.
337 3919 423 3972 Porro
435 3920 508 3987 quod
521 3919 625 3972 nullum
638 3919 789 3972 dominium
803 3919 831 3972 in
843 3919 926 3971 domo
939 3923 1052 3986 paterna
1063 3935 1145 3986 supra
1159 3918 1290 3971 familiam
1305 3919 1464 3982 exercuerit,

238 4018 312 4087 quod
324 4017 512 4085 eleemosynas
524 4017 688 4085 pauperibus
706 4016 822 4087 benigna
840 4015 968 4084 largaque
986 4032 1070 4068 rnanu
1089 4015 1253 4084 disperserit,
1271 4016 1344 4083 quod
1363 4016 1465 4069 crebris

238 4116 411 4170 orationibus
422 4122 449 4169 et
458 4115 570 4184 jejuniis
587 4115 718 4169 ceterisve
727 4116 863 4168 bonarum
875 4114 1007 4168 virtutum
1021 4114 1157 4167 exercitiis
1174 4115 1301 4167 decenter
1318 4116 1465 4180 vacaverit,

238 4231 296 4268 nou
303 4231 416 4268 necesse
428 4219 470 4268 est
480 4215 571 4267 verbis
583 4214 626 4268 vel
638 4214 745 4282 scriptis
757 4215 844 4267 multa
856 4214 982 4282 prosequi
995 4233 1001 4266 :
1014 4231 1076 4267 cum
1094 4213 1198 4266 cunctis
1212 4219 1283 4267 recte
1295 4214 1465 4282 sapientibus

237 4313 343 4383 liquido
356 4318 462 4366 constet
468 4313 525 4380 jarn
537 4312 666 4381 Spiritum
678 4318 803 4366 sanctum
813 4329 860 4366 cor
868 4313 1002 4365 mundum
1013 4312 1039 4364 in
1050 4329 1082 4364 ea
1092 4328 1197 4365 creasse
1208 4318 1235 4365 et
1244 4312 1293 4365 Dei
1302 4313 1463 4380 sapientiam

189 4410 219 4463 tc
235 4413 359 4467 animaru
379 4413 438 4479 ejus
455 4412 548 4465 sedem
566 4412 616 4465 sibi
634 4412 846 4466 misericorditer
863 4412 993 4475 ellecisse,
1011 4428 1093 4479 quam
1116 4411 1291 4479 postmodum
1310 4411 1348 4464 sic
1366 4412 1392 4465 in
1410 4412 1465 4464 line

236 4511 325 4582 gloria
335 4511 460 4579 martyrii
473 4511 589 4565 voluerit
601 4513 737 4565 decorare.

279 4609 313 4668 θ.
338 4608 389 4662 His
406 4609 567 4676 supradictis
585 4614 612 4662 et
628 4609 688 4662 aliis
705 4608 912 4676 quampluribus
929 4609 981 4676 pioe
999 4608 1115 4661 actionis
1132 4608 1307 4661 incrementis
1323 4625 1401 4661 sacra
1413 4608 1464 4662 vir·

236 4709 300 4779 gine
321 4709 357 4761 ad
373 4706 483 4760 laudem
504 4706 653 4760 conditoris
670 4706 712 4759 sui
730 4705 844 4759 viriliter
861 4706 1010 4770 insistente,
1022 4707 1057 4759 ad
1075 4707 1133 4760 haec
1151 4723 1261 4776 serpens
1280 4706 1397 4773 invidus,
1417 4708 1464 4776 qui
