3270 5400
51 1443 66 1472 '¹
78 1447 118 1496 ito

13 1518 153 1587 corrector.

10 2135 25 2165 ⁸
37 2139 76 2188 ito
88 2151 159 2187 corr.

44 2931 58 2962 ⁸
69 2932 125 2985 cod.

22 2998 51 3051 in
63 2997 150 3050 mitte.

43 3063 58 3093 *
69 3064 126 3116 cori.

22 3144 150 3183 ramerso.

50 4712 130 4763 wi

35 4782 145 4830 rnmrttr.

207 342 276 414 186
547 364 675 416 carra.
701 366 805 417 cona.
831 366 1111 419 anorouaaemc.

203 553 322 607 llarimu
333 570 415 622 super
427 554 593 619 craticulam,
605 555 775 623 signaculum
787 557 875 609 crucis
887 557 989 610 iaciens
1001 563 1028 611 et
1045 559 1180 627 aspiciens
1193 561 1221 615 in
1240 562 1339 616 coelum
1359 562 1434 615 inro-

204 657 266 705 cato
279 652 396 707 Domino
408 655 446 707 ait
458 673 464 707 2
479 657 593 708 Gratiae
604 657 653 708 tibi
664 673 722 721 ooo,
741 657 855 708 Domine
866 658 932 710 Jesu
955 656 1067 722 Christe,
1079 662 1129 725 orei
1144 662 1274 727 diguatus
1290 679 1319 715 ee
1331 678 1435 715 eerrarm

203 761 282 806 tuum
293 761 454 821 peccatorem
472 757 593 808 transire
606 772 658 822 per
669 757 765 822 ionem,
779 764 807 808 ot
820 757 935 809 traducas
945 774 984 808 ore
993 761 1022 808 ia
1035 760 1211 823 reyiioerirorr
1220 769 1359 814 aternum.
1370 760 1434 813 Haec

204 855 296 904 autem
308 868 341 905 eo
357 853 472 916 dicente,
489 853 581 906 statim
600 858 630 906 ut
647 852 747 906 fluvius
759 870 837 922 aquae
855 854 991 907 inundans
1006 856 1140 925 extinguit
1152 859 1251 926 ignem.
1264 860 1324 928 lpse
1343 864 1434 913 autem

203 954 279 1003 stans
290 966 372 1019 super
381 968 476 1019 aquas,
487 951 658 1020 glorificabat
671 952 818 1006 Dominum
828 953 922 1006 lesum
933 954 1080 1008 Christum.
1093 955 1307 1024 obstupefactus
1319 959 1435 1027 impera·-

204 1052 248 1100 tor
256 1065 338 1117 super
349 1050 408 1104 brec
419 1066 481 1117 quar
490 1049 603 1112 viderat,
612 1051 749 1118 cogitabat
758 1068 812 1119 qua
824 1057 913 1105 morte
923 1069 984 1105 eum
998 1053 1171 1121 expenderet.

247 1149 281 1206 7.
303 1148 459 1216 Simplicius
476 1153 568 1202 autem
592 1148 704 1216 quidam
728 1150 982 1204 commentariensis
1003 1152 1089 1205 dixit:
1114 1155 1166 1206 Per
1184 1157 1333 1221 potentiam
1352 1163 1434 1219 tuom,

205 1250 318 1313 domine,
327 1250 353 1301 si
358 1249 493 1314 proripis,
501 1248 591 1299 dicam
600 1248 677 1314 quali
685 1254 815 1299 tormento
824 1249 966 1315 diaymrrot.
976 1248 1052 1301 Tunc
1062 1249 1211 1317 imperator
1221 1251 1260 1302 ait
1270 1270 1276 1302 :
1291 1251 1436 1304 Celerrime

203 1349 250 1412 foc
258 1349 401 1400 comitium
412 1354 497 1399 tuom
508 1345 541 1399 Et
550 1345 632 1413 jussit
640 1345 796 1414 Simplicius
808 1347 906 1399 afferre
918 1347 1067 1401 frictoriam
1077 1353 1104 1401 et
1116 1349 1234 1418 supponi
1248 1350 1341 1418 ignem
1355 1350 1435 1403 rebe·

206 1445 457 1508 mantissimum,.ut
475 1447 497 1507 ⁴¹,
515 1460 578 1499 cum
591 1445 781 1498 exardesceret
798 1445 833 1497 ab
852 1445 919 1513 igne,
937 1446 1096 1500 immitteret
1116 1448 1143 1501 in
1161 1464 1221 1501 cam
1233 1455 1369 1503 sanctum
1389 1449 1439 1503 Dei

206 1558 330 1610 puerum.
343 1542 466 1610 Cumque
479 1542 595 1596 ministri
608 1542 786 1610 projecissent
798 1558 860 1595 eum
871 1543 899 1595 iu
912 1543 1070 1599 iricturiarn.
1082 1550 1191 1598 sanctus
1204 1544 1254 1599 Dei
1265 1551 1372 1612 martyr
1380 1551 1436 1599 erat

205 1641 340 1711 aspiciens
353 1641 379 1693 in
393 1641 499 1703 coeluru,
511 1641 666 1709 gloriticans
676 1641 823 1694 Dominum
835 1642 928 1694 iesum
942 1643 1088 1696 Christum.
1103 1644 1136 1696 Et
1147 1644 1296 1711 respiciens
1305 1644 1341 1697 ad
1354 1644 1435 1712 impe

206 1746 333 1802 retorem,
345 1740 399 1793 ait:
413 1742 558 1805 Martiano,
572 1743 683 1807 poroati
700 1756 794 1793 corace
807 1759 880 1794 rueres
897 1743 934 1794 od
952 1745 1081 1795 edendam
1091 1762 1100 1795 :
1109 1751 1131 1795 et
1142 1761 1213 1795 rrrrrrc
1224 1746 1317 1812 accipe
1332 1753 1432 1812 portem

206 1843 327 1907 aliquam
336 1848 358 1893 ct
368 1841 422 1906 ede,
431 1842 512 1892 donec
520 1842 581 1893 alio
586 1848 785 1906 praeparentur.
791 1842 928 1908 Siquidem
939 1858 990 1894 aon
1001 1844 1176 1895 rrrundocobis
1185 1845 1217 1894 de
1227 1845 1355 1895 nrrrubrie
1365 1846 1431 1907 meta

206 1942 271 2008 quio
281 1941 402 1992 dissoluit
412 1940 546 1993 Dominus
556 1941 630 1992 Deua
637 1941 828 2004 fortitudinem
837 1949 920 2005 tuoni,
930 1950 953 1993 et
966 1943 1034 1992 orilri
1045 1943 1119 1994 dabit
1128 1945 1301 1995 tolerantiam
1313 1945 1351 1995 ad
1359 1944 1431 2009 euffr-

207 2041 308 2092 rendos
319 2047 381 2092 teror
394 2040 613 2091 omclrinotioner.
622 2039 687 2091 Haec
697 2055 729 2092 eo
742 2039 858 2101 dicente,
871 2038 945 2092 venit
958 2056 1002 2092 ros
1014 2040 1047 2092 de
1057 2041 1125 2093 coelo
1138 2047 1165 2094 et
1175 2041 1293 2094 extinxit
1306 2040 1394 2110 ignem
1407 2045 1430 2094 et

207 2137 376 2207 refrigeravit
385 2136 535 2191 irictoriam
544 2156 550 2199 ;
558 2143 584 2190 et
592 2143 651 2191 erat
659 2137 834 2191 beatissimus
842 2139 936 2206 jacens
946 2138 973 2191 in
981 2139 1109 2197 frictoria.
1118 2139 1193 2193 relut
1201 2140 1230 2193 in
1239 2140 1313 2193 bono
1324 2141 1432 2197 strato‘.

207 2236 379 2303 requiescens
391 2241 419 2288 et
431 2235 595 2288 benedicens
613 2236 709 2289 ileum.
721 2236 798 2289 Tunc
810 2235 960 2288 Martianus
971 2235 1121 2304 imperator
1133 2237 1201 2289 dixit
1213 2237 1248 2289 ad
1266 2254 1330 2290 eum
1345 2257 1351 2289 :
1363 2239 1432 2302 Bere,

207 2337 338 2400 maleficio
349 2343 398 2389 tuo
408 2339 528 2388 riserunt
542 2337 615 2402 ionia
622 2337 813 2401 fortitudinem
821 2355 830 2386 ,·
839 2338 892 2399 sed,
904 2353 954 2402 per
969 2338 1031 2388 deos
1043 2353 1140 2399 omnes,
1153 2339 1277 2403 κεραίην
1291 2345 1316 2389 te
1332 2340 1433 2389 ‹tiaera-

206 2436 306 2486 ciotom
319 2437 483 2503 disperdam.
493 2435 570 2488 Tunc
580 2439 691 2489 sanctus
704 2435 753 2487 Dei
765 2440 869 2502 martyr
881 2435 933 2487 ait:
944 2436 1023 2488 Dirce
1032 2443 1056 2488 et
1064 2443 1088 2488 te
1097 2443 1121 2488 et
1131 2451 1214 2487 conor
1226 2437 1289 2489 deos
1301 2444 1361 2489 tuos
1373 2452 1434 2504 quos

206 2536 279 2598 colis,
291 2536 321 2586 in
331 2537 391 2600 iprae
399 2536 558 2588 cremandos
566 2543 671 2588 ceteram.
682 2536 742 2587 Mac
751 2538 822 2588 enim
831 2537 989 2601 diocletiono
996 2538 1103 2601 frueris
1114 2537 1140 2587 in
1151 2543 1323 2603 perpetuum.
1335 2535 1369 2588 Et
1380 2535 1435 2587 hec

207 2632 301 2687 dicens
309 2638 420 2686 sanctus
432 2634 510 2687 valde
523 2634 672 2702 injuriabat
684 2639 840 2702 tyrannum.

248 2729 283 2787 8.
307 2728 453 2783 Martianus
465 2735 555 2784 autem
576 2731 723 2799 imperator
734 2730 801 2783 dixit
816 2729 840 2783 ei
854 2749 860 2782 :
873 2732 1016 2795 lrrjyressos
1034 2733 1158 2795 sacrifico
1176 2732 1232 2782 diis
1249 2734 1299 2797 qai
1310 2732 1344 2783 ob
1356 2731 1436 2783 lromi·

207 2832 288 2882 nibus
299 2831 462 2882 odorantur.
471 2828 581 2881 Culcius
591 2844 656 2881 vero
666 2844 767 2895 praeses
775 2827 841 2882 dixit
854 2847 859 2881 :
872 2829 985 2893 Siy'rrbct
992 2835 1166 2894 protestaretur
1177 2829 1278 2893 offerre
1287 2830 1437 2880 caldariam

208 2937 232 2982 et
243 2928 371 2981 immitti*
378 2930 462 2994 picem
472 2929 500 2978 ia
510 2944 577 2991 curra,
587 2936 617 2979 ot
626 2929 703 2980 arride
711 2944 837 2980 reaccenso
847 2928 880 2978 ab
891 2930 950 2994 iprae
959 2928 1071 2989 tratum,-
1080 2934 1102 2978 et
1111 2929 1198 2994 cupite
1208 2929 1314 2980 iarereo
1324 2928 1338 2955 *
1343 2928 1440 2992 jubeor

208 3046 266 3081 eum
277 3030 348 3080 mitti
360 3029 389 3079 in
400 3044 466 3080 eom.
479 3026 595 3079 Sanctus
607 3042 673 3079 vero
686 3026 736 3079 Dei
753 3031 933 3094 preparatam
951 3026 1072 3079 animam
1086 3025 1192 3078 habens
1210 3025 1244 3078 ad
1257 3025 1352 3079 omuia
1363 3023 1439 3078 susti·

209 3127 307 3191 nenda,
316 3125 450 3195 aspiciens
461 3125 489 3178 in
498 3124 596 3178 coelum
606 3129 634 3178 et
646 3131 743 3193 sponte
754 3141 783 3178 se
796 3124 942 3193 projiciens
958 3125 984 3177 in
1001 3124 1157 3179 caldariam.
1167 3125 1260 3177 statim
1272 3141 1321 3177 ras
1334 3140 1438 3178 aeneum

210 3227 238 3280 in
255 3226 322 3279 duas
334 3230 425 3294 partes
437 3224 588 3292 disruptum
602 3230 644 3277 est
661 3228 688 3276 et
704 3224 750 3292 pix
762 3225 849 3277 effusa
861 3230 903 3277 est
919 3225 983 3278 hinc
1001 3228 1029 3277 et
1046 3222 1116 3277 iude.
1131 3224 1248 3277 Sanctus
1261 3240 1327 3276 rero
1340 3228 1439 3292 martyr

209 3329 284 3378 stans
294 3324 419 3378 inmedio
427 3322 999 3390 caldarire‚glorificabatDominum.Videns
1007 3326 1098 3374 autem
1107 3321 1166 3373 baec
1175 3320 1439 3390 imperator.circum

210 3425 299 3494 parari
317 3424 444 3492 praecepit
461 3429 488 3476 et
507 3422 616 3476 adtrahi
642 3421 706 3475 illuc
723 3427 847 3474 sanctum
867 3421 916 3474 Dei
935 3426 1091 3489 martyrem.
1107 3420 1276 3473 Ducentibus
1294 3437 1361 3474 vero
1379 3435 1439 3474 eum

210 3523 350 3588 ministris,
367 3522 457 3577 omnis
468 3522 565 3576 civitas
582 3520 712 3574 convenit
729 3521 763 3574 ad
781 3520 977 3589 spectaculum,
996 3525 1024 3571 ut
1042 3519 1166 3573 riderent
1180 3519 1246 3585 y'usli
1266 3519 1439 3573 tolerantiam

210 3640 292 3692 ‹yuam
309 3623 430 3676 babebat
441 3622 515 3689 apud
528 3623 624 3675 Deum.
637 3621 714 3674 Tunc
727 3620 875 3688 imperator
894 3620 931 3672 ait
948 3621 983 3673 ad
994 3636 1056 3673 eum
1071 3639 1077 3672 ε
1090 3621 1204 3672 iorrnolo
1216 3621 1306 3672 ditari
1318 3622 1439 3685 confitere

211 3724 329 3790 Serapem
341 3729 365 3774 et
377 3723 493 3774 Mortem
504 3723 574 3774 deor.
584 3721 651 3773 Ecce
662 3737 714 3772 oro
725 3721 761 3771 ari
777 3720 978 3771 immolandum.
994 3721 1092 3784 Accipe
1102 3719 1250 3770 columbam
1264 3720 1439 3783 claustrellum,

210 3827 233 3872 et
243 3822 353 3873 immolo
365 3821 428 3883 diis,
441 3837 473 3872 ne
482 3821 568 3871 eoriie
576 3821 666 3885 portia
675 3825 699 3869 te
711 3819 838 3883 affligens
848 3819 1013 3883 disperdam.
1025 3816 1141 3869 Sanctus
1153 3815 1272 3869 Marinus
1283 3816 1439 3885 respondit:

216 3919 317 3972 Varias
328 3927 454 3986 expertam
471 3936 498 3971 ee
516 3919 743 3980 mociriaotiorrcr;
754 3919 801 3969 ard
818 3918 910 3969 uidear
922 3918 996 3969 Deae
1013 3933 1094 3983 opera
1106 3923 1154 3968 tua
1168 3918 1334 3983 neqrciarimo
1348 3925 1371 3969 et
1383 3933 1439 3984 per·

211 4035 303 4071 cereos
322 4026 385 4071 tuos
404 4020 584 4084 cogitationes,
601 4017 726 4069 disrolret
745 4024 822 4068 tuom
841 4017 1031 4080 fortitudinem
1049 4022 1072 4066 et
1091 4017 1183 4082 patria
1201 4017 1251 4080 toi,
1273 4018 1324 4082 qui
1344 4018 1439 4068 dicitur

212 4116 421 4170 SatorraeTunc
431 4117 580 4184 imperator
590 4115 668 4167 valde
678 4113 763 4167 iratus
770 4113 851 4181 jussit
859 4113 908 4167 Dei
918 4114 1031 4181 martyri
1042 4113 1100 4166 dari
1110 4113 1268 4166 columbam
1279 4119 1307 4165 ct
1316 4115 1437 4183 gladium

212 4222 241 4269 ut
254 4233 302 4285 per
311 4216 404 4269 omnia
413 4216 584 4268 sacrificaret.
594 4214 646 4281 Qui
656 4214 748 4267 statim
758 4219 900 4282 acceptum
910 4212 1029 4281 gladium
1040 4212 1155 4280 projecit
1164 4216 1228 4266 ante
1240 4212 1437 4280 imperatorem

213 4317 321 4369 dicens:
334 4318 421 4368 Multo
434 4318 592 4381 eorrsuaionr
604 4317 721 4381 repletos
733 4332 760 4368 ee
768 4334 777 4379 ;
794 4316 959 4367 obstructum
976 4321 1015 4366 eet
1027 4330 1056 4365 oa
1073 4321 1159 4377 turrea,
1176 4319 1200 4365 et
1211 4329 1302 4365 orrares
1320 4316 1439 4367 odirrrere

212 4415 298 4465 tiones
306 4420 357 4465 ture
367 4414 404 4464 od
415 4413 532 4464 nibilum
544 4414 657 4464 redactur
669 4419 740 4464 errat.
754 4412 847 4463 Minoa
859 4418 921 4462 trane
933 4426 985 4461 oon
997 4411 1161 4475 perrirnraco,
1172 4410 1405 4474 insipientissime.

254 4511 287 4569 9.
311 4512 341 4565 ln
362 4510 402 4563 ira
423 4514 515 4562 autem
535 4514 690 4562 commotus
711 4509 860 4577 imperator
878 4509 936 4561 brec
957 4507 1078 4569 audiens,
1097 4505 1178 4574 jussit
1199 4522 1262 4559 eum
1282 4508 1405 4575 appendi
1422 4508 1439 4561 ir

214 4609 369 4679 equuleum,
382 4614 542 4677 expectante
551 4607 626 4661 omni
637 4607 811 4660 multitudine
820 4623 882 4660 cum
895 4605 1044 4659 illustribus
1057 4604 1184 4658 civitatis.
1200 4605 1232 4658 Et
1248 4609 1313 4672 post
1325 4605 1381 4658 hoc
1392 4620 1439 4658 are

215 4726 278 4764 nam
291 4710 436 4779 praeparari
448 4709 575 4780 praecepit
591 4712 618 4761 et
631 4707 741 4761 immitti
753 4708 767 4737 *
780 4712 905 4760 sanctum
918 4705 966 4759 Dei
985 4711 1141 4773 martyrem.
1153 4703 1283 4758 Ministris
1296 4720 1364 4758 vero
1375 4721 1439 4773 quot
