3270 5400
305 347 379 422 490
639 367 766 419 cersi.
791 366 894 418 cono.
919 365 1199 419 ussrounsrmc.

306 556 418 610 alterius
434 555 590 621 Clementis,
601 556 648 626 qui
660 557 742 610 besto
753 556 883 610 suomi
905 556 986 609 Petro
997 556 1027 609 in
1043 555 1195 624 apostolica
1205 555 1281 608 sede.
1298 555 1355 622 Qui
1366 556 1498 610 memus
1507 557 1540 611 de

307 654 452 708 l‘abiorum
462 654 632 709 nobilissima
640 655 772 723 processit
783 654 894 719 landis,
905 671 966 723 qun
976 653 1058 723 lougo
1070 654 1202 723 temporis
1214 653 1303 708 ductu
1322 655 1497 710 descendeus
1507 672 1539 710 er

230 754 237 767 '
308 754 361 808 illis
371 761 481 807 centum
493 753 674 823 conscriptis*
686 754 809 824 patribus
823 753 969 808 altomulo
988 753 1145 823 reipublice
1160 753 1303 821 quondam
1326 755 1471 822 praereeris
1486 772 1541 810 sm

309 866 461 919 cognomen
487 851 653 904 successioni
680 851 807 911 serravit
825 850 897 903 sicut
917 854 945 903 et
971 850 1084 918 reliqua
1107 850 1214 904 nobiles
1239 850 1369 914 familia,
1388 851 1540 907 Tulliorum

308 947 420 1009 scilicet,
431 946 629 1008 Corneliorum,
639 947 798 1010 Curionum,
810 952 838 1001 et
848 948 949 1001 horum
960 947 1073 1001 similes.
1554 962 1568 1009 r

351 1044 438 1101 1111.
459 1044 652 1099 Praedictorum
665 1045 746 1112 igitur
763 1045 889 1114 exemplo
898 1044 1112 1098 clarissimorum
1123 1061 1179 1100 nou
1191 1046 1273 1115 pauci
1285 1063 1320 1100 ex
1332 1050 1543 1104 senatoribusct

309 1141 486 1196 nobilissimis
497 1140 562 1195 viris
573 1140 697 1193 conversi
706 1147 772 1193 sunt
782 1140 817 1193 ab
829 1156 920 1193 errore
932 1141 967 1194 ad
978 1142 1130 1205 veritatem,
1143 1142 1209 1211 quis
1221 1143 1422 1197 excellentium
1436 1145 1542 1200 devotio

310 1241 342 1296 iit
353 1242 492 1295 minorum
499 1256 619 1309 persepe
639 1239 784 1307 correptio.
796 1240 857 1293 lam
870 1243 935 1293 tuuc
950 1245 1009 1294 erat
1019 1256 1131 1294 cernere
1148 1240 1261 1308 impleri
1280 1243 1450 1296 vaticinium
1461 1243 1543 1298 isaia

311 1340 340 1394 iu
349 1339 517 1392 credentium
530 1339 746 1401 conversatione,
755 1339 828 1407 quod
840 1338 978 1392 habitaret
988 1339 1068 1409 lupus
1076 1356 1138 1393 cum
1150 1356 1229 1408 agno,
1242 1341 1358 1409 pardus,
1367 1340 1422 1405 leo,
1432 1348 1461 1396 et
1469 1358 1544 1396 ursus

311 1454 374 1492 cum
391 1437 473 1501 hedo,
482 1437 567 1491 vitulo
579 1442 606 1490 et
618 1453 677 1490 ove.
689 1437 839 1506 Rapacium
853 1437 988 1506 siquidem
1000 1437 1112 1492 nomine
1132 1439 1283 1493 bestiarum
1306 1439 1467 1508 ligurantur
1477 1441 1543 1509 priu-
1558 1453 1583 1503 lo

311 1536 384 1606 cipes
396 1542 424 1590 et
436 1540 561 1605 potentes
582 1536 686 1599 muudi,
698 1552 746 1604 pro
764 1535 920 1590 diversitate
935 1542 962 1590 et
973 1537 1105 1605 qualitate
1116 1537 1207 1605 operis
1228 1538 1319 1606 pravi.
1331 1539 1381 1608 qui
1402 1545 1469 1593 tunc
1486 1555 1543 1593 curu

313 1636 399 1700 hedis,
410 1636 495 1705 agnis,
502 1635 594 1689 vitulis
602 1641 631 1689 et
638 1635 737 1689 ovibus
748 1642 962 1700 commorantur,
971 1637 1081 1704 quando
1093 1641 1219 1704 suscepto
1230 1636 1295 1691 fidei
1306 1637 1453 1705 jugorum
1464 1639 1545 1692 humi

312 1735 383 1790 libus
399 1736 451 1789 sub
463 1735 593 1804 regimine
605 1739 752 1804 pascnmm
762 1735 920 1804 apostolico.
932 1735 1059 1789 Exoritur
1071 1736 1115 1789 hic
1127 1752 1183 1789 non
1199 1736 1314 1805 indigua
1328 1737 1433 1791 divinae
1443 1737 1545 1806 dispeu-

313 1834 427 1890 sationis
447 1833 617 1888 ammiratio:
629 1850 678 1887 cur
700 1850 734 1888 ex
751 1834 845 1888 Judaea
865 1833 894 1887 iu
911 1834 1059 1903 primordio
1080 1835 1229 1903 piscatores
1240 1835 1255 1865 *
1267 1835 1321 1888 sibl
1347 1836 1440 1905 elegit.
1452 1835 1545 1905 qtribus

316 1933 459 1989 obedirent
470 1933 603 2002 principes
612 1932 715 1997 muudi,
726 1937 785 1986 tum
798 1949 830 1986 ex
843 1933 910 1986 urbe
922 1932 1056 1986 Romulea
1073 1933 1182 2002 collegit
1193 1933 1299 1986 nobiles
1315 1939 1344 1987 et
1358 1939 1492 2003 satrapes,
1502 1933 1545 2002 qui
1560 1943 1584 1993 u

317 2034 446 2087 docerent
455 2032 611 2101 mysterium
622 2031 710 2085 crucis
721 2031 860 2100 agricolas.
872 2031 948 2084 Hauc
961 2048 1025 2100 ergo
1041 2031 1263 2085 ammirationem
1275 2031 1315 2085 sic
1330 2032 1417 2087 solvit
1429 2032 1544 2101 gentium

317 2130 446 2184 doctor:“
460 2129 545 2183 ludaei
555 2129 631 2199 sigua
643 2134 738 2197 petunt
750 2134 777 2182 et
788 2129 873 2182 Graeci
885 2129 1046 2196 sapientiam
1055 2135 1179 2198 quaeruut
1191 2171 1201 2194 ,
1213 2149 1219 2193 ;
1231 2130 1398 2184 ludaeorum
1417 2131 1545 2199 siquidem

317 2228 490 2283 cervicuritss
501 2245 549 2297 per
561 2229 659 2284 idiotas
679 2235 737 2282 erat
749 2229 948 2293 confundenda,
960 2228 1033 2298 quod
1054 2229 1093 2282 eis
1110 2228 1137 2282 io
1160 2228 1268 2298 siguum
1293 2229 1396 2287 fiebat:
1410 2230 1545 2299 gentilium

317 2332 410 2382 autern
430 2328 563 2382 stoliditas
581 2344 629 2396 per
650 2328 786 2396 sapientes
805 2344 952 2381 conversos
976 2329 1011 2382 ab
1035 2344 1126 2381 errore
1149 2327 1301 2381 liberanda.
1322 2327 1393 2395 Ques
1416 2328 1545 2397 gentilitas

319 2425 547 2495 magnificentiam
570 2426 713 2480 hominum
736 2428 811 2494 prius
835 2431 965 2495 reputans
987 2426 1016 2480 iu
1044 2442 1160 2480 numero
1183 2427 1310 2492 deorum,
1330 2426 1399 2480 dum
1422 2427 1546 2481 sublimes
1559 2433 1584 2484 rt

319 2526 405 2579 cernit
419 2524 476 2578 lieri
488 2525 607 2578 humiles
615 2524 694 2578 discit
705 2525 808 2579 habere
821 2524 1001 2578 differentiam
1014 2525 1085 2578 iuter
1096 2525 1183 2578 Deum
1197 2523 1376 2579 ethomines.

363 2624 401 2680 V.
424 2623 659 2693 Dispensationem
682 2621 763 2691 igitur
784 2622 904 2675 divinam
924 2623 1020 2675 beatus
1038 2622 1133 2675 Petrus
1155 2621 1184 2675 in
1207 2621 1332 2675 Romani
1353 2625 1547 2692 praeparatione

320 2722 496 2777 considerans
506 2718 611 2787 imperii
622 2718 696 2787 quod
708 2718 743 2771 ad
754 2718 768 2749 *
781 2718 833 2772 hoc
845 2718 948 2771 scilicet
969 2717 1161 2770 confirmatum
1184 2721 1265 2780 esset,
1279 2720 1309 2770 ut
1331 2717 1405 2770 sicut
1417 2718 1546 2789 feritatem

320 2822 441 2892 gentium
459 2818 542 2872 armis
557 2817 713 2883 domuisset,
735 2816 774 2870 sic
794 2817 875 2871 etiam
896 2817 1093 2870 Romanaslbi
1116 2821 1231 2869 cunctos
1256 2816 1333 2869 orbis
1345 2817 1417 2870 fines
1440 2817 1546 2871 eccloeia
1603 2854 1608 2869 .

320 2921 489 2989 subjugasset
499 2921 521 2972 ⁹.
529 2916 629 2971 Statuit
646 2932 678 2968 er
688 2915 856 2970 credentium
876 2915 990 2984 collegio
1008 2916 1081 2969 siros
1101 2915 1200 2983 eligere
1216 2915 1362 2968 modestos
1374 2920 1402 2968 et
1423 2913 1584 2984 evangeliiis

321 3017 540 3088 praedicationem
560 3015 625 3084 ipsis
644 3013 792 3084 injungere.
805 3015 919 3068 Videbat
935 3017 1008 3069 enlm
1029 3031 1079 3083 per
1098 3013 1231 3082 spiritum,
1250 3014 1325 3082 quod
1350 3014 1424 3068 sicut
1445 3017 1545 3067 senatus

322 3118 510 3172 Romanorum
519 3133 567 3186 per
579 3117 679 3171 Cinnas
691 3121 718 3169 et
738 3116 820 3169 Gaios
831 3115 1000 3168 ferocitatem
1010 3113 1148 3167 Gallorum
1158 3112 1209 3166 sibi
1221 3113 1385 3181 subegisset,
1397 3113 1439 3166 sic
1450 3116 1547 3182 aposto·

320 3215 375 3270 lida
383 3216 461 3269 sedes
469 3232 516 3284 per
525 3214 710 3269 obedientlam
719 3214 885 3268 lldeiomues
894 3213 945 3267 sibi
954 3213 1108 3281 provincias
1119 3212 1265 3265 vendicare
1279 3211 1431 3266 debuisset
1442 3212 1546 3266 Videbat

321 3314 441 3383 iuquam,
460 3315 534 3383 quod
551 3314 620 3368 sicut
636 3313 764 3368 mosaicae
781 3314 857 3367 locus
876 3313 942 3381 legis
962 3314 989 3366 in
1007 3311 1136 3366 umbilico
1149 3316 1239 3372 terrae,
1262 3310 1290 3364 id
1314 3316 1358 3365 est
1376 3311 1545 3366 iherosolima

321 3416 492 3479 urbe,luerut
508 3415 621 3480 locatus,
631 3414 670 3468 sic
687 3419 787 3467 sauctae
800 3413 967 3482 principatus
986 3412 1107 3467 ecclesiae
1123 3413 1151 3465 in
1162 3410 1273 3464 arcibus
1289 3412 1416 3465 romanis
1425 3412 1581 3466 diriuitusll

322 3517 380 3569 erat
391 3514 576 3577 stabiliendus,
588 3518 618 3568 ut
637 3530 687 3583 per
703 3529 773 3581 quos
790 3514 869 3582 plane
881 3511 1014 3581 templum
1031 3516 1089 3565 erat
1107 3510 1303 3564 destruendum
1322 3510 1490 3577 ludaeorum,
1505 3524 1545 3579 per

322 3613 433 3667 eosdem
445 3613 605 3667 fundaretur
617 3613 731 3666 ecclesia
742 3612 954 3666 christianorum
966 3630 972 3674 ;
985 3616 1013 3665 et
1023 3610 1093 3664 sicut
1102 3610 1201 3678 sphera
1213 3626 1230 3662 a
1240 3625 1291 3662 suo
1304 3614 1401 3663 centro
1414 3610 1544 3671 formatur,

214 3721 220 3734 ·
234 3757 241 3772 .
322 3711 361 3766 sic
373 3711 437 3766 lldoi
449 3712 530 3765 cardo
547 3712 574 3766 in
586 3712 651 3766 sede
662 3728 777 3766 romano
790 3714 804 3741 ⁹
817 3715 977 3764 versaretur.
989 3710 1089 3763 Beatus
1107 3709 1187 3776 igilur
1208 3707 1352 3777 apostolus
1369 3703 1544 3777 praedicationi

325 3826 431 3873 vacans,
444 3826 490 3878 per
502 3810 635 3864 alternam
647 3810 847 3864 successionem
859 3814 914 3863 tres
926 3809 978 3862 sibi
995 3808 1029 3862 ad
1047 3805 1236 3876 peragendum
1248 3807 1423 3860 sacerdotale
1435 3804 1543 3860 officium

324 3908 435 3977 delegit:
445 3909 543 3963 Linum
554 3909 686 3971 videlicet,
695 3909 801 3963 cletum
813 3914 895 3977 atque
904 3908 1080 3962 Clementem.
1088 3906 1211 3960 Alterum
1221 3921 1288 3959 vero
1300 3905 1421 3960 Fabium
1434 3904 1543 3958 Glemeu·
1555 3904 1578 3955 lt

324 4012 378 4061 tom
393 4007 556 4061 Metensihus
568 4008 772 4077 predicatorem
785 4006 1115 4070 coustituit,Tullensibus
1132 3994 1316 4068 Mansuetum
1336 4001 1543 4074 metropolitanis

326 4122 390 4159 vero
403 4106 616 4160 Treverousibus
628 4107 791 4161 Eucherium
805 4105 947 4175 delegarit.
965 4105 1079 4173 Spiritus
1092 4103 1165 4158 euim
1183 4106 1294 4157 sanctus
1306 4103 1355 4171 qui
1374 4103 1463 4157 eidem
1476 4102 1543 4155 Petro

325 4204 427 4272 pridem
445 4206 596 4259 contulerat
615 4206 739 4259 omnium
751 4207 891 4260 scientiam
917 4205 1080 4274 linguarum,
1100 4203 1232 4257 nimirum
1256 4207 1284 4256 et
1308 4204 1426 4256 nomina
1448 4201 1543 4255 urbium

325 4303 460 4372 situmque
472 4304 613 4372 regionum
625 4306 694 4359 scire
713 4306 796 4360 dedit.
812 4305 957 4360 Enimvero
970 4305 1040 4357 sicut
1060 4303 1146 4356 homo
1163 4318 1179 4355 a
1193 4301 1251 4354 Deo
1263 4301 1397 4354 recedens
1410 4302 1494 4355 laetus
1509 4299 1543 4350 ssi

325 4420 354 4455 so
364 4402 421 4472 ipso
432 4405 528 4467 minor,
539 4405 578 4458 sic
595 4407 628 4458 ad
639 4407 725 4459 Deum
735 4423 784 4474 per
793 4407 874 4459 fidem
884 4406 992 4459 rediens
1001 4404 1091 4457 lactus
1101 4407 1142 4456 est
1154 4400 1251 4454 ceteris
1260 4400 1403 4469 superior:
1416 4406 1444 4455 et
1454 4401 1543 4468 quanto
1554 4394 1576 4446 ll

326 4498 440 4553 inheret
451 4501 544 4554 ornnia
553 4502 710 4565 continenti,
721 4508 798 4556 tento
810 4502 835 4555 ei
845 4503 914 4556 iluut
924 4505 1040 4568 angusta
1051 4514 1112 4568 qua
1124 4497 1307 4552 continentur.

365 4597 425 4654 vl.
457 4599 618 4653 ohedientia
629 4615 692 4669 ergo
705 4598 904 4668 praedicationis
921 4601 1055 4665 suscepta,
1073 4595 1173 4665 egressi
1191 4600 1256 4649 sunt
1268 4596 1371 4650 Christi
1383 4591 1543 4665 praesulesab

327 4697 393 4751 urhe
403 4697 500 4761 Roma,
512 4715 567 4752 non
583 4703 613 4752 ut
623 4697 761 4766 quondam
773 4695 892 4750 Romani
904 4694 1013 4754 milites.
1025 4692 1072 4762 qui
1085 4693 1120 4746 ad
1135 4693 1190 4746 hoc
1205 4693 1370 4747 occidebant
1381 4693 1510 4755 homines,
1519 4692 1544 4743 nl
