3270 5400
381 326 432 399 tt
719 348 843 399 caran.
871 348 973 399 cono.
999 347 1276 399 aaaroaaarmc.

531 551 681 620 [Panaenus
700 570 725 605 rs
743 569 828 605 ιιιτιιι
845 569 937 605 saxam
956 569 1040 604 enarr
1058 569 1177 605 rrrscorr
1195 569 1228 605 ar
1245 553 1441 622 consessorum]
1456 556 1465 588 ¹

428 747 460 803 1.
483 748 566 803 Mirus
577 747 675 799 artifex
687 746 699 779 ²
710 746 837 814 idemque
847 742 947 814 opiter,
965 747 1099 799 Dominus
1116 729 1292 814 omnipotens
1310 752 1339 800 et
1355 750 1430 802 Deus
1447 755 1551 815 noster,
1569 751 1618 820 qui

383 847 535 900 secundum
544 843 771 912 omnipotentiam
784 858 863 895 suam
875 842 937 895 tecit
946 860 1007 912 quae
1018 847 1082 896 sunt
1093 848 1120 896 et
1129 845 1264 912 gubernat
1275 847 1373 899 eadem
1382 851 1414 900 ut
1426 852 1499 910 sunt,
1509 848 1618 913 coelum,

383 949 494 1007 terram,
505 959 581 996 mare
592 947 620 994 et
631 941 725 994 omnia
735 957 796 1008 quae
809 941 837 994 in
854 940 892 993 cis
904 946 968 994 sunt
984 941 1103 1010 (semper
1120 943 1193 995 euim
1211 943 1310 1007 bonus,
1323 943 1351 996 iu
1368 945 1492 998 seculum
1512 946 1618 999 miseri-

384 1043 478 1096 cordia
495 1042 573 1110 ejus),
585 1041 742 1093 sedentibus
759 1040 788 1093 in
806 1040 923 1093 tenebris
940 1046 968 1093 et
984 1041 1082 1093 umbra
1094 1043 1190 1094 mortis
1201 1042 1291 1096 lucem
1304 1059 1400 1096 veram
1414 1044 1522 1097 caelitus
1534 1045 1616 1098 mini-

384 1142 489 1203 stravit,
501 1143 568 1194 dum
580 1145 691 1209 propter
702 1140 815 1193 nimiam
829 1141 969 1193 caritatem
982 1156 1060 1192 suam
1072 1157 1127 1208 qua
1138 1157 1189 1194 nos
1201 1141 1304 1205 dilexit,
1316 1142 1417 1196 Filium
1436 1159 1519 1196 suurn
1537 1144 1618 1199 terris

385 1240 491 1304 inludit
502 1245 541 1303 ut,
553 1240 618 1308 quia
631 1240 687 1308 ipsc
699 1244 741 1292 est
752 1239 799 1291 lux
811 1239 913 1300 mundi,
930 1239 1053 1307 quisquis
1070 1257 1135 1292 euru
1152 1245 1262 1293 secutus
1279 1241 1372 1303 tuerit,
1390 1243 1419 1295 in
1437 1248 1617 1310 peccatorum

385 1340 504 1393 tenebris
515 1344 598 1407 atque
615 1355 757 1407 paenarum
774 1338 886 1391 latebris
904 1355 959 1391 uon
977 1344 1094 1401 maneat,
1112 1340 1160 1392 sed
1177 1340 1272 1393 lumen
1289 1346 1424 1394 aeternum
1442 1346 1470 1394 et
1488 1343 1618 1409 perennis

386 1439 448 1492 vita
459 1439 589 1506 gaudium
602 1438 747 1506 possideat.
760 1438 811 1490 llic
822 1438 901 1490 lesus
916 1437 1047 1502 Christus,
1059 1439 1120 1491 oleo
1132 1438 1233 1492 laetitiae
1245 1456 1301 1507 prae
1320 1441 1379 1494 suis
1396 1445 1496 1493 unctus
1508 1441 1619 1510 partici-

386 1537 473 1606 pibus,
491 1537 644 1605 largifluam
671 1536 778 1604 pietatis
795 1537 989 1604 benignitatem
1008 1537 1112 1590 mundo
1129 1538 1272 1602 exhibens
1289 1539 1344 1592 hoe
1361 1543 1403 1592 est
1420 1540 1619 1608 redemptionis

385 1636 502 1690 wlutem
515 1636 594 1689 nobis
606 1636 633 1688 in
645 1636 737 1688 medio
750 1641 828 1688 terne
837 1635 1010 1703 perimplens
1022 1637 1095 1690 ricto
1105 1636 1215 1689 diabolo
1228 1654 1259 1690 ac
1272 1638 1369 1690 mortis
1379 1639 1441 1705 jure
1453 1644 1545 1692 morte
1557 1656 1619 1708 pro·

386 1735 446 1804 pria
456 1739 584 1802 superato
596 1735 616 1798 ⁸,
628 1735 694 1787 dum
706 1735 777 1787 celsa
785 1739 931 1802 penetrans
942 1736 977 1787 ad
988 1735 1097 1789 Patrem
1110 1737 1279 1794 ascenderet.
1291 1753 1326 1789 ne
1338 1737 1446 1804 plasma
1455 1755 1539 1790 suum
1551 1738 1620 1792 ulte·

385 1835 442 1887 rius
464 1833 611 1886 dominans
634 1833 713 1901 culpa
730 1833 833 1901 peccati
857 1834 943 1901 poenis
966 1834 1110 1897 addiceret,
1133 1836 1246 1903 prolatae
1264 1835 1333 1889 lucis
1350 1829 1620 1897 ministrosstatuit,

387 1933 487 2001 quibus
498 1933 584 1985 dixit:
601 1933 653 1985 l'os
664 1935 727 1984 estis
743 1935 793 1985 lue
804 1935 906 1985 meandi.
923 1933 1021 2001 Sicque
1038 1934 1099 1986 illos
1114 1935 1212 1999 jubare
1230 1939 1313 1987 tauta
1334 1933 1467 1988 claritatis
1484 1935 1620 1989 irradians

386 2034 446 2081 teht
457 2028 532 2081 orbis
542 2044 591 2096 per
602 2029 690 2095 spatia
702 2029 848 2096 praedicare
860 2034 888 2082 et
899 2045 960 2081 eam
972 2030 1076 2082 eunctis
1088 2031 1252 2083 mortalibus
1265 2031 1399 2084 adhibere
1412 2033 1541 2100 pracepit
1553 2053 1559 2086 :
1572 2035 1619 2096 tte,

387 2127 523 2195 inquiens,
539 2129 625 2180 docete
642 2145 731 2180 omnes
746 2136 842 2193 pentes,
860 2130 1025 2195 baptizantes
1043 2147 1087 2182 eos
1103 2133 1132 2181 in
1151 2134 1257 2183 novitiae
1275 2132 1370 2183 Patria
1387 2140 1411 2183 et
1428 2133 1499 2184 Filii
1517 2141 1541 2184 et
1558 2134 1620 2200 Spi-

388 2229 460 2279 ritua
476 2228 572 2278 saneti.
584 2227 659 2278 Sicut
675 2230 749 2278 arisit
765 2244 805 2279 me
822 2228 904 2279 Pater
919 2235 943 2278 et
959 2245 1005 2294 epo
1021 2231 1096 2281 mitto
1113 2245 1164 2281 eos.
1183 2229 1229 2280 Sic
1246 2231 1333 2282 laceat
1353 2232 1403 2282 lue
1419 2238 1509 2283 eastra
1526 2248 1619 2284 coram

387 2326 549 2390 hominibus,
566 2333 596 2377 ut
607 2327 714 2377 videant
730 2342 812 2392 opera
823 2334 910 2378 eastra
923 2327 990 2378 bona
1003 2335 1026 2379 et
1036 2329 1185 2392 plorificent
1197 2329 1306 2380 Patrem
1315 2337 1431 2380 restrum
1445 2333 1494 2397 qni
1507 2332 1535 2381 ia
1545 2333 1619 2383 coelie

388 2430 433 2476 est.
446 2423 478 2475 ut
495 2422 533 2476 illi
551 2424 671 2492 quidem,
689 2423 815 2477 videlicet
831 2425 949 2492 apostoli
966 2425 1062 2487 sancti,
1078 2426 1130 2477 sibi
1147 2426 1291 2479 desursum
1309 2427 1365 2479 dati
1382 2427 1470 2495 gratia
1487 2427 1620 2482 Flaminis

388 2521 518 2581 roborati,
535 2527 566 2575 ut
582 2523 704 2591 gentium
722 2522 918 2591 plenitudinem
936 2528 1065 2577 vocarent
1082 2525 1117 2577 ad
1134 2524 1198 2578 tidei
1209 2525 1304 2578 lumen
1317 2526 1440 2594 protecti,
1453 2528 1620 2594 praedicare-

389 2625 453 2673 runt
470 2620 579 2688 ubique,
591 2622 648 2673 Deo
660 2627 825 2689 cooperante
836 2626 864 2674 et
875 2637 1029 2675 sermonem
1042 2623 1222 2676 continuante
1234 2623 1413 2692 sequentibus
1425 2624 1517 2692 siguis,
1531 2626 1569 2679 ita
1580 2631 1619 2690 ut,

389 2719 536 2772 salutiferae
553 2720 641 2773 tuba⁴
658 2720 857 2774 exhortationis
875 2721 977 2773 vocatis
994 2721 1087 2774 multis
1104 2723 1139 2774 ad
1157 2722 1283 2775 militiam
1301 2721 1453 2776 llomiuicae
1469 2725 1620 2791 servitutis,

388 2822 450 2886 post
462 2823 571 2885 peraeta
582 2819 699 2887 negotia,
712 2823 774 2886 post
791 2820 889 2887 adepta
906 2820 1049 2887 potestatis
1063 2820 1213 2888 judiciariae
1233 2821 1388 2882 tribunalia,
1406 2821 1483 2875 hac⁶
1500 2823 1620 2890 gloriosa

389 2917 546 2984 vicarioque
557 2917 696 2970 iunctione
709 2917 831 2970 inclitum
848 2923 876 2971 et
886 2935 1064 2972 nuraerosum
1076 2921 1246 2973 credentium
1260 2921 1447 2988 relinquerent
1459 2923 1619 2987 exercitum,

390 3032 453 3069 cum
466 3015 618 3069 sanctitatis
631 3015 756 3068 videlicet
767 3016 858 3084 rigore
869 3017 1017 3082 lucifluum,
1029 3018 1084 3086 qui,
1094 3019 1236 3087 magistri⁸
1248 3019 1343 3087 repleti
1356 3019 1493 3088 dogmate,
1505 3027 1621 3089 paterna

391 3113 569 3167 nihilominus
580 3114 734 3167 inferebant
746 3115 902 3168 nationibus
912 3116 995 3183 jussa,
1007 3134 1124 3184 quorum
1137 3117 1261 3170 doctrina
1272 3118 1357 3187 fulget
1367 3119 1532 3173 Ecclesiaut
1543 3120 1585 3174 sol
1594 3125 1621 3174 et

391 3211 466 3266 luna.
983 3280 986 3285 Ι

433 3311 467 3368 2.
488 3311 594 3365 Horum
612 3312 666 3377 alii,
684 3329 732 3380 per
749 3312 857 3364 diversa
874 3316 1010 3364 tormenta
1027 3312 1240 3381 triumphatores
1258 3318 1285 3366 et
1303 3313 1383 3366 amici
1401 3314 1451 3366 Dei
1469 3314 1549 3378 tacti;
1568 3315 1620 3378 alii,

391 3410 497 3478 seipsos
508 3409 628 3462 hostiam
641 3408 732 3460 vivam
749 3408 862 3474 Deoque
873 3407 1024 3474 placentem
1043 3409 1196 3471 atterentes,
1215 3408 1305 3461 idonei
1325 3408 1445 3471 inventi;
1464 3409 1519 3473 alii,
1532 3409 1621 3462 camis

393 3508 551 3578 pudicitiam
568 3524 631 3561 cum
649 3506 810 3575 virginitatis
833 3506 899 3558 tlore
922 3506 1055 3575 integram
1075 3513 1279 3570 conservantes,
1303 3507 1462 3575 angelorum
1490 3508 1621 3561 societate

392 3609 475 3677 diam,
486 3607 658 3661 demonibus
670 3605 849 3674 imperabant,
862 3611 984 3658 mortuos
1001 3607 1178 3668 suscitabant,
1191 3606 1315 3674 leprosos
1334 3607 1506 3659 mundabant
1518 3607 1621 3676 paraly-

427 3789 436 3823 ¹
448 3796 532 3842 totum
551 3789 694 3853 Prolopum
706 3789 829 3839 orredtunt
846 3787 920 3839 codd.
932 3787 955 3848 ἢ,
967 3788 990 3839 3.
1003 3788 1036 3838 Ia
1048 3788 1104 3839 eod.
1115 3787 1132 3838 t
1144 3804 1256 3854 septiens
1273 3789 1374 3853 lepitar
1392 3785 1566 3855 [Paroream]
1585 3787 1622 3840 Ne

389 3862 437 3925 ‘cui
454 3873 524 3924 torte
541 3870 688 3937 legentium
706 3885 796 3922 sermo
814 3868 955 3935 displiceat
977 3868 1102 3932 incultus,
1122 3869 1346 3936 imperitiamque
1370 3869 1510 3936 scriptoris
1533 3870 1623 3922 omnis

394 3953 505 4007 denotet
516 3953 654 4006 studiosus
667 3951 743 4004 initio
755 3951 879 4014 scedula,
893 3951 929 4003 ita
942 3955 1035 4003 votum
1048 3955 1178 4018 purgetur
1191 3951 1289 4013 idiotae,
1301 3956 1332 4004 ut
1344 3951 1432 4018 primo
1446 3952 1622 4020 praesumptio

394 4052 450 4090 non
461 4036 585 4103 culpetur
597 4035 624 4087 in
637 4050 727 4102 opere,
736 4035 784 4087 sed
796 4033 926 4102 probetur
937 4035 1050 4087 allectus
1062 4033 1233 4096 obedientiae,
1243 4035 1410 4102 demumque
1421 4049 1533 4086 sunuuo
1546 4051 1622 4102 repu-

395 4122 467 4171 tetur
475 4135 492 4169 a
500 4116 589 4168 cordis
601 4117 706 4178 ardore,
715 4117 789 4184 quod
798 4117 828 4168 tit
837 4131 885 4183 spe
897 4114 1030 4167 mercedis
1042 4119 1157 4167 aeternae.
1169 4115 1265 4167 iussus
1280 4115 1353 4167 enim
1363 4115 1477 4166 fratrum
1489 4120 1623 4183 praecepto

395 4199 525 4260 mundati,
537 4197 627 4266 potius
644 4203 672 4251 et
688 4204 800 4251 exactus
817 4214 910 4250 amore
930 4197 1016 4249 sancti
1036 4196 1121 4264 patris
1141 4197 1243 4260 Amati,
1263 4197 1336 4264 leges
1354 4197 1420 4249 artis
1437 4198 1624 4264 grammatica

395 4281 544 4351 postposui,
552 4296 658 4334 necnon
667 4280 810 4333 rhetoricae
822 4285 916 4348 utpote
928 4279 1035 4332 nescius
1047 4294 1141 4332 curam
1154 4279 1267 4332 minime
1280 4278 1351 4342 dedi,
1365 4279 1421 4342 sed,
1432 4278 1525 4331 fidelia
1537 4279 1624 4332 tidelis

396 4364 453 4433 ipse
469 4363 585 4416 tideliter
601 4378 746 4430 exequens,
762 4362 879 4429 simplici
896 4363 1037 4415 locuturus
1058 4377 1185 4414 sannone
1208 4361 1361 4426 injunctum
1382 4361 1511 4428 quamvis
1534 4361 1624 4430 inepte

396 4446 508 4515 suscepi.
523 4445 619 4499 Debita
637 4446 717 4513 igitur
732 4445 864 4499 charitate
882 4444 1193 4512 compulsus,auxilium
1206 4445 1307 4497 adhoc
1325 4448 1389 4511 peto
1401 4444 1489 4496 sancti
1501 4444 1625 4512 Spiritus,

396 4535 428 4583 ut
440 4529 511 4582 vires
522 4532 634 4596 negatas
646 4527 753 4595 ingenio
765 4543 868 4590 seusus,
881 4527 1026 4580 clementia
1038 4528 1097 4593 ejus
1109 4527 1178 4580 milri
1190 4527 1293 4579 tribuat
1306 4526 1427 4579 virtutes.
1439 4553 1471 4565 —
1481 4527 1559 4581 ²cod.
1571 4527 1625 4595 api·

397 4610 449 4663 tex.
462 4639 493 4646 —
505 4610 516 4643 ¹
528 4611 583 4663 cod.
595 4613 733 4677 superata.
745 4636 776 4647 -
787 4609 862 4661 ‘eod
875 4608 964 4662 turba.
977 4638 1009 4646 -
1021 4609 1032 4642 ⁶
1046 4612 1084 4662 ita
1096 4611 1201 4662 etdetar
1212 4610 1370 4675 tepentium
1382 4610 1437 4661 eod.
1450 4623 1489 4661 ae.
1500 4635 1534 4646 —
1547 4609 1559 4642 ⁶
1570 4611 1625 4662 ced.

397 4689 534 4758 magistro.
