3270 5400
216 291 308 344 BIBL.
326 290 408 343 REG.
427 290 603 343 refluxum:
620 289 834 353 -·-,aPP1rN1t.
852 290 898 341 AD
916 290 996 342 COD.
1015 281 1052 341 N⁰
1069 286 1194 339 titt-tu.
1249 265 1323 339 239

135 480 171 539 2.
194 481 492 551 Hoequoquedignum
502 480 630 536 duximus
638 479 841 534 relatullarolo
851 478 1322 550 imperatorecivitatemhiugonum

91 569 256 652 properante
276 596 338 634 curn
359 579 482 633 maximo
507 578 774 648 archiepiscopomm
801 578 1030 647 Francigenarum
1058 594 1090 630 ac
1113 576 1323 631 Theutouorum

90 680 234 744 comitatu,
246 678 356 734 obviam
367 682 514 733 occurrunt
525 679 612 733 sancti
623 678 743 732 Medardi
755 678 886 732 monachi
903 676 1027 732 subnixis
1038 677 1163 746 precibus
1176 677 1323 746 imperato·

90 795 151 833 rem
163 779 349 847 deprecantes,
361 780 392 830 ut
403 791 520 844 corpora
536 779 694 830 sanctorum
712 779 863 843 martyrum
882 775 1071 830 confessorum
1089 791 1121 827 ac
1138 773 1274 842 virgiuum
1293 773 1322 828 in

57 883 74 933 b
89 879 186 945 crypta
195 871 395 944 requiescentis
407 871 483 927 omni
496 872 673 927 veneratione
685 871 766 941 digrm
778 872 812 926 ad
830 870 981 926 excelsiora
991 870 1151 924 monasterii
1162 870 1231 935 loca,
1248 869 1324 940 quod
1416 885 1418 891 ’

90 973 143 1043 piae
155 971 298 1027 memoriae
317 970 474 1025 Ludovicus
485 971 635 1039 imperator
645 986 712 1023 suus
729 975 806 1039 pater
814 971 873 1038 jam
891 985 925 1024 ex
942 974 1019 1039 parte
1029 969 1226 1034 ¹aedificaverat,
1243 968 1323 1023 deve

90 1072 178 1128 heret.
189 1072 313 1140 Quorum
326 1072 453 1140 precihus
471 1071 532 1140 pius
549 1087 595 1124 rex
615 1070 760 1124 inclinatus
772 1070 869 1125 inritat
886 1070 1106 1139 archiepiscopos
1124 1074 1152 1124 et
1168 1069 1323 1139 episcopos,

90 1188 147 1241 quo
158 1187 189 1225 se
200 1171 236 1225 ad
247 1170 340 1225 locum
353 1169 534 1224 dedicandum
547 1174 647 1238 cryptae
666 1175 856 1239 praepararent
875 1168 936 1236 Quo
948 1174 1058 1238 peracto
1070 1168 1205 1238 imprimis
1221 1169 1322 1223 detule-

90 1275 155 1324 runt
166 1269 244 1323 Ehbo
261 1269 416 1325 Remorum
433 1267 656 1338 archiepiscopus
672 1269 719 1334 (l),
736 1267 897 1323 Rothardus
914 1267 1152 1322 Suessioneusium
1170 1267 1322 1338 episcopus,

49 1374 77 1425 tc
90 1369 229 1423 Robertus
241 1367 424 1421 Treverorum
437 1366 666 1436 archiepiscopus,
678 1367 813 1423 Henricus
821 1367 1034 1422 virdunensium
1053 1367 1198 1436 episcopus
1208 1383 1324 1437 corpora

92 1469 248 1522 sauctorum
261 1466 382 1520 Medardi
395 1471 422 1520 et
434 1466 563 1520 Gildardi.
576 1466 675 1521 Postea
686 1463 734 1521 rex
747 1466 863 1521 Karalus
873 1473 900 1521 et
912 1467 1039 1523 :ildricus
1051 1467 1171 1521 ecclesiae
1182 1467 1323 1523 Senonicoe

92 1560 327 1636 metropolitanus,
338 1566 423 1620 lonas
434 1563 639 1620 Aurelianensis
651 1566 802 1635 episcopus,
814 1567 967 1635 herigarius
978 1567 1169 1621 Noviomensis
1181 1567 1323 1638 episcopus

94 1670 248 1720 sanctorum
266 1664 421 1719 Sebastiaui
432 1669 460 1718 et
471 1680 547 1734 papae
565 1664 688 1733 Gregorii
706 1681 823 1735 corpora
840 1666 970 1720 detulere.
987 1666 1094 1734 Quibus
1106 1667 1323 1733 advenientibus,

95 1765 282 1834 praedictorum
293 1779 410 1832 corpora
421 1768 578 1818 sanctorum
591 1763 711 1818 bledardi
723 1770 752 1819 et
763 1764 885 1820 Gildardi
897 1765 1001 1819 cunctis
1014 1766 1170 1821 videntibus
1182 1771 1323 1822 cesserunt

60 1864 84 1914 tt
97 1862 222 1931 partibus,
240 1867 267 1916 et
284 1863 313 1916 iu
333 1862 464 1916 societate
482 1879 530 1916 eos
547 1868 711 1932 receperunt
727 1864 844 1933 propria,
862 1864 909 1918 ubi
926 1865 1021 1920 divina
1038 1865 1138 1919 cotidie
1157 1865 1324 1921 exhibentur

98 1962 222 2030 mysteria
233 1962 269 2015 ad
286 1960 395 2015 laudem
413 1960 524 2016 Domini
537 1961 624 2015 nostri
639 1962 704 2015 lesu
716 1962 825 2016 Christi.
837 1962 899 2030 Quo
912 1962 971 2016 riso
989 1979 1035 2016 reu
1053 1963 1196 2029 miraculo,
1206 1963 1323 2037 laudans

99 2059 179 2115 Mum
192 2061 220 2115 in
231 2061 334 2114 sanctis
345 2059 403 2114 suis
414 2060 483 2114 dixit
491 2060 528 2126 (i)
541 2080 548 2114 :

224 2212 347 2264 Glorioce
363 2227 414 2263 reo·
430 2218 594 2276 condomam,
840 2212 894 2277 Qui
909 2219 1016 2266 cunnos
1033 2214 1073 2266 sic
1091 2214 1224 2279 mirificas

193 2310 234 2362 Tu
247 2310 402 2377 plasmator
417 2310 577 2374 seculorum,
805 2311 893 2377 Atque
909 2312 1055 2364 uirtutibus
1072 2313 1166 2377 donas,

69 2398 112 2452 11·
192 2406 229 2460 Tc
245 2408 336 2460 decent
348 2408 487 2475 praeconio
808 2408 843 2460 Te
860 2408 947 2461 verbis
961 2410 1084 2475 glorifico

191 2505 313 2558 Odorem
331 2506 497 2571 meconidem
805 2506 842 2559 Et
858 2508 889 2558 in
906 2513 930 2559 te
945 2508 1062 2572 firmiter
1078 2508 1165 2560 eredo.

133 2651 192 2717 Quia
202 2653 365 2707 nontimebit
376 2660 451 2705 tuam
468 2654 646 2706 inedicibilem
664 2653 853 2719 majestatem?
867 2655 967 2708 Catum
985 2657 1092 2709 turbine
1103 2672 1203 2721 eneae,
1214 2658 1320 2710 univer·-

108 2758 174 2814 nque
178 2751 335 2817 gubernem
344 2751 458 2803 cicentes
468 2752 498 2803 in
514 2766 625 2817 corpore
635 2766 748 2803 amoene
764 2753 956 2819 requiescentes
968 2753 997 2804 in
1009 2759 1033 2805 te
1044 2760 1089 2805 tuo
1100 2770 1210 2806 inuuere
1221 2755 1320 2808 ditatos

108 2843 255 2916 inpromptu
264 2850 375 2903 assidue
391 2850 535 2903 miraculis
546 2850 722 2903 dernonstroe.
731 2849 765 2902 at
776 2848 847 2903 sicut
858 2849 1040 2918 praediximus,
1049 2851 1192 2905 beatorum
1206 2868 1320 2922 corpora

74 2934 205 3014 bunonis
214 2946 339 3001 humeris
348 2945 539 3001 serenissimus
548 2947 698 3015 imperator
709 2964 772 3001 cum
784 2947 861 3002 omni
872 2948 1049 3003 veneratione
1061 2950 1200 3005 transtulit
1212 2956 1239 3006 et
1247 2951 1319 3006 iusu-

99 3044 226 3104 mutilas
237 3061 299 3115 quae
310 3049 503 3114 nuncupantur
514 3044 675 3108 carisiacus,
685 3045 830 3110 Tomacus,
843 3047 948 3101 Archas
959 3048 987 3101 in
1000 3065 1070 3117 pago
1083 3049 1198 3103 Tellao'
1207 3051 1244 3117 (3)
1256 3068 1319 3105 cum

107 3141 219 3199 omnbus
229 3142 399 3214 appendiciis
410 3149 438 3198 et
448 3144 600 3199 Bemacam
612 3144 649 3211 (i)
662 3145 744 3199 rebus
756 3146 879 3214 ejusdem
893 3146 1013 3200 ccclesiae
1026 3164 1074 3217 per
1085 3149 1204 3203 edictum
1217 3150 1321 3205 addidit

103 3237 332 3297 mumamemate
341 3247 369 3297 et
377 3242 569 3313 astipulamiue
578 3242 625 3297 Lx
633 3243 827 3313 episcoporum
836 3244 885 3313 qui
894 3245 1059 3300 dedicationi
1069 3252 1169 3316 cryptae
1177 3249 1320 3305 alluerant

99 3325 192 3393 Histra
206 3338 324 3409 peractis
335 3340 503 3393 lismensem
515 3340 612 3393 urhcm
625 3339 710 3407 petiit.
722 3340 770 3394 Est
787 3346 815 3395 et
826 3340 893 3394 illud
905 3342 1068 3396 miraculum
1087 3345 1228 3399 memoria
1245 3362 1320 3399 com·

59 3413 83 3470 ²⁰
95 3436 285 3503 mellentum,
298 3437 373 3507 quod
383 3437 484 3491 Christi
495 3441 590 3491 sancta
600 3437 687 3507 pietas
698 3439 903 3508 perpetratilln
915 3439 1002 3494 Gallia
1015 3456 1064 3508 pro
1074 3447 1232 3496 sanctorum
1240 3443 1320 3497 meri·

91 3522 137 3580 ⁰8
148 3532 290 3591 &hulieni
301 3540 329 3591 et
340 3534 462 3605 Gregorii
472 3553 550 3606 papa
561 3536 589 3590 in
602 3536 766 3592 Suessouica
783 3537 863 3592 ualle.
882 3538 1039 3593 Clotharius
1054 3557 1101 3593 rex
1118 3542 1237 3596 Domino
1255 3559 1320 3597 con·

86 3625 398 3692 sslruritmonasterium
412 3636 487 3690 omni
504 3652 588 3705 opere
605 3635 779 3692 ditissimum.
791 3636 845 3691 Sed
862 3653 918 3692 non
935 3642 995 3692 erat
1012 3639 1151 3694 fructifera
1168 3641 1248 3695 tellus
1265 3642 1320 3709 illa,

128 3824 170 3892 (ll
184 3833 221 3889 lle
239 3834 293 3888 hac
311 3849 428 3888 erronee
447 3832 626 3902 chronologia
647 3834 696 3888 cir.
709 3836 768 3888 Act.
783 3835 839 3901 SS,
851 3835 927 3889 biart.
940 3841 1006 3889 tom.
1017 3836 1050 3901 11,
1063 3854 1087 3905 p.
1106 3839 1162 3892 751.
1183 3844 1276 3893 annot
1293 3842 1319 3894 d.

80 3918 128 3936 “
146 3908 178 3977 (i)
190 3914 352 3984 Frequentius
362 3914 486 3969 locomm
505 3914 533 3969 iu
550 3915 605 3969 hoc
622 3915 788 3970 documento
806 3918 947 3986 rythmum
967 3918 1104 3986 poeticum
1123 3920 1320 3986 exhibentium,

80 3990 209 4055 (1¹¹0rum
225 3999 335 4055 nonnisi
353 4000 505 4069 praecipuos
522 4016 647 4069 quosque
666 4005 693 4053 et
709 4002 797 4069 magis
814 4001 955 4056 evidentes
971 4003 1043 4071 typis
1061 4004 1242 4065 distinximus,
1254 4005 1321 4058 satis

81 4068 211 4136 “tenth
219 4082 304 4151 hujus
315 4080 437 4135 chronici
449 4080 610 4150 scriptorem
628 4082 671 4135 uel
684 4080 768 4136 tuisse
780 4083 873 4137 animo
886 4088 983 4151 praeter
1000 4085 1114 4138 modum
1129 4085 1164 4138 ad
1181 4085 1233 4139 hos
1245 4085 1320 4140 lusus

78 4148 235 4229 1¹¹'litterum
246 4163 292 4219 vel
302 4168 366 4217 ente
378 4162 474 4216 oculos
485 4162 615 4217 hahuisse
632 4163 800 4232 primitivum
819 4165 930 4234 aliquod
949 4166 1089 4235 exemplar
1106 4168 1202 4221 saltem
1220 4184 1321 4237 magns

78 4230 127 4281 ⁸¹
147 4250 213 4308 burte
223 4245 359 4315 rythmice
370 4244 563 4313 conscriptum.
575 4273 608 4284 -
622 4246 659 4311 (3)
672 4247 712 4300 De
721 4246 815 4301 Tellao
827 4264 896 4315 pago
909 4248 982 4317 (gall.
1000 4248 1025 4301 le
1043 4248 1141 4316 Talon)
1158 4248 1186 4303 in
1198 4250 1321 4319 partibus

77 4294 247 4382 Quorum
259 4326 313 4381 rid
326 4326 473 4390 valesium,
486 4328 591 4381 Notitio
605 4330 771 4394 Galliarum,
783 4344 809 4396 p,
821 4330 877 4383 517.
894 4358 926 4367 -
944 4329 981 4395 (i)
992 4330 1031 4383 De
1044 4330 1102 4383 istis
1119 4335 1238 4400 quatuor
1254 4331 1321 4385 locis

76 4388 175 4460 ¹⁸¹²llo
189 4409 218 4464 iit
238 4408 344 4465 mentio
360 4425 450 4477 neque
467 4408 496 4463 in
504 4461 506 4466 ,
515 4408 665 4478 diplomate
678 4408 767 4463 Caroli
780 4410 856 4465 Calvi
868 4411 933 4465 dato
946 4429 1019 4465 anno
1030 4413 1080 4466 870
1091 4429 1140 4482 pro
1152 4413 1319 4470 monasterio

74 4454 114 4558 s:
131 4475 248 4546 letoni
266 4492 342 4558 (Bec.
353 4493 400 4545 dec
409 4492 472 4545 hiet.
484 4492 516 4545 de
526 4492 555 4544 la
567 4491 681 4557 France,
695 4496 761 4545 tom.
772 4491 842 4556 Vlll,
854 4510 879 4562 p.
891 4494 960 4559 628),
978 4510 1067 4563 neque
1085 4493 1112 4548 in
1127 4495 1202 4549 bulla
1218 4496 1320 4550 lohan-

73 4547 141 4609 ¹¹¹⁸
153 4565 203 4627 tut
222 4590 272 4644 pro
289 4574 387 4627 eodem
409 4572 578 4626 monasterio
599 4572 663 4626 data
680 4574 709 4627 2·
727 4574 849 4628 ianuarii
866 4575 917 4628 876
935 4575 1083 4640 (liabillon,
1101 4579 1173 4632 dnn.
1194 4579 1224 4633 0.
1241 4578 1269 4632 S.
1286 4579 1320 4632 B.

74 4618 166 4704 ¹⁰¹1&
179 4652 221 4723 111,
236 4674 263 4727 p.
280 4655 338 4711 ost.
355 4682 388 4694 ·-
400 4653 540 4721 ctruane,
552 4654 664 4722 Repetite
676 4657 754 4709 Pont.
765 4656 842 4710 Rern.
855 4656 896 4710 ed.
908 4655 993 4711 altera
1006 4674 1031 4727 p.
1042 4658 1111 4726 387).

1343 3015 1534 3113 *eoci‘l'etiao
