3270 5400
296 328 344 401 30
627 349 751 400 mrsu.
777 349 880 400 conn.
905 349 1178 400 samosateum.

295 538 493 601 edificativnm
504 544 532 592 et
549 544 682 608 quantum
699 540 735 592 sit
746 539 879 592 Dominus
890 538 918 591 in
929 539 1030 591 sanctis
1041 538 1098 591 suis
1109 539 1241 592 mirabilis
1257 557 1428 608 cognoscere.
1443 542 1512 595 Cum

295 638 369 692 enim
386 643 413 691 te
428 639 540 692 aridum
551 655 634 707 snper
644 639 697 692 hoc
707 638 891 706 cognoverim,
900 639 978 705 J'nxta
989 637 1129 706 petitionis
1140 643 1194 691 tuae
1206 640 1441 697 ammonitionem,
1452 658 1514 709 quae

297 736 325 789 in
333 735 408 790 cuna
419 735 545 789 Romana
554 736 608 788 vidi
618 742 645 789 et
656 736 755 799 audiri,
764 736 863 804 scripto
874 735 924 789 tibi
938 735 1063 789 intimare
1073 736 1156 790 volni.
1167 737 1284 791 Aderam
1295 755 1367 791 anno
1378 741 1514 807 prasenti,

297 834 364 888 feria
382 834 485 888 scilicet
504 836 554 888 vd·
574 839 635 902 post
654 833 803 887 Dominicae
821 834 995 887 ascensionis
1014 834 1227 896 solemnitatem.
1244 840 1308 888 ante
1326 837 1419 890 domni
1437 855 1514 908 papae

296 933 475 1001 praesentiam,
486 933 520 985 de
532 931 632 985 nostris
643 931 771 986 videlicet
783 931 898 1000 negotiis
908 932 1059 995 locuturis,
1070 948 1132 985 cum
1144 933 1235 986 subito
1247 935 1326 988 affuit
1337 936 1459 1003 quidam,
1468 938 1515 1006 qui
1532 939 1548 987 5

296 1031 399 1100 legatos
412 1030 562 1094 bizanteos,
575 1031 602 1084 id
614 1035 655 1084 est
670 1030 961 1099 constantinopolitani
974 1030 1152 1098 imperatoris,
1161 1032 1258 1085 adesse
1273 1033 1436 1100 proforibus
1447 1053 1514 1090 nun·

296 1129 384 1183 tiaret.
395 1128 566 1182 Exhilaratus
578 1145 642 1182 vero
654 1129 772 1182 domnus
788 1145 859 1196 papa
875 1144 956 1196 snper
974 1129 1042 1181 tanti
1060 1129 1179 1182 nominis
1197 1129 1300 1198 legatis,
1313 1148 1345 1184 cx
1362 1133 1447 1186 fatere
1464 1152 1514 1188 sno

296 1228 452 1297 episcopum
470 1227 551 1293 misit,
568 1233 599 1281 ut
617 1244 666 1281 eos
682 1227 833 1281 honorifice
853 1227 1038 1281 introduceret
1058 1227 1166 1296 sibique
1185 1235 1368 1297 prasentaret.
1387 1233 1514 1296 Veniunt,

295 1325 467 1394 salutatoque
475 1343 545 1395 papa
555 1326 701 1380 universali
714 1330 742 1380 et
753 1326 888 1395 plerisque
899 1326 1054 1391 curialibus,
1066 1327 1100 1379 de
1112 1327 1198 1380 salute
1211 1328 1382 1396 imperatoris
1390 1348 1514 1385 snorum·

295 1439 350 1491 que
365 1423 497 1492 qualitate
514 1430 595 1492 prout
606 1425 714 1478 fuerant
730 1424 858 1478 sciscitati
870 1424 936 1477 satis
946 1424 1061 1477 honeste
1073 1424 1230 1478 retulemnt
1241 1426 1330 1480 Causa
1341 1445 1406 1482 vero
1418 1446 1513 1484 eorum
1533 1429 1563 1478 ⁴⁰

296 1522 353 1575 haec
365 1523 424 1576 fuit

335 1619 369 1678 2.
394 1624 525 1677 intererat
535 1637 597 1675 cnm
615 1621 654 1675 eis
665 1621 749 1675 ludia
760 1620 988 1689 archiepiscopus,
1006 1621 1047 1674 vir
1064 1621 1130 1674 satis
1146 1621 1269 1675 honestae
1280 1623 1383 1685 formae,
1395 1628 1423 1676 et
1437 1625 1516 1691 juxta

295 1736 352 1774 sua
363 1719 461 1789 linquae
476 1718 601 1772 notitiam
615 1717 681 1771 satis
692 1717 938 1785 eloquentissimus,
950 1717 998 1784 qui
1008 1717 1102 1770 sociali
1114 1717 1250 1784 adjutorio
1260 1718 1378 1771 defuncti
1391 1719 1432 1772 sui
1444 1720 1516 1787 prin·

295 1818 363 1888 cipis
373 1819 527 1883 destitutus,
538 1817 643 1871 consilii
660 1832 743 1869 causa
759 1818 794 1870 ad
811 1817 971 1885 praedictum
989 1817 1180 1885 imperatorem
1197 1818 1254 1885 jam
1272 1818 1377 1886 pridem
1395 1823 1515 1872 venerat

296 1918 419 1986 Cumque
431 1918 578 1985 imperator
589 1915 747 1983 petitionem
760 1916 818 1982 ejus
837 1916 958 1969 audisset
969 1920 997 1968 et
1008 1932 1041 1968 ex
1059 1915 1240 1969 familiaribus
1252 1917 1308 1969 suis
1321 1933 1404 1969 unum
1417 1917 1516 1984 princi·
1534 1920 1565 1967 ts

298 2030 358 2084 pem
378 2015 506 2078 dedisset,
522 2013 600 2082 quasi
617 2013 736 2082 perfecto
757 2013 865 2080 negotio
885 2014 919 2066 ad
936 2015 1045 2082 propria
1062 2014 1150 2066 redire
1167 2015 1307 2083 disposuit.
1325 2015 1448 2082 Cumque
1465 2017 1517 2069 iter

296 2119 395 2183 ageret,
406 2129 508 2167 novum
519 2110 665 2181 principem
683 2116 772 2164 morte
789 2112 954 2180 impediente
972 2111 1070 2165 amisit
1083 2111 1143 2178 Quo
1162 2113 1305 2173 tumulato,
1322 2114 1516 2181 imperatorem

297 2213 401 2282 repetit,
413 2211 514 2265 doloris
525 2210 567 2264 sui
580 2227 671 2263 casnm
684 2209 865 2263 nuntiaturus.
878 2211 1028 2279 Imperator
1040 2227 1105 2263 vero
1115 2211 1272 2264 consolatus
1285 2228 1357 2274 curn,
1366 2228 1400 2264 nc
1413 2211 1518 2266 doleret

297 2311 456 2366 ammonuit.
474 2310 626 2378 Principem
643 2310 744 2377 recepit
761 2310 876 2362 alterum
893 2309 1066 2377 imperatoris
1084 2310 1278 2364 munificentia.
1296 2310 1372 2363 Tunc
1384 2311 1518 2380 archiepi-

297 2426 394 2480 scopus
405 2409 528 2477 mitipato
540 2407 634 2461 dolore
645 2407 700 2477 epit
710 2407 768 2471 iter,
777 2407 888 2461 sednon
897 2407 1012 2476 peragit;
1022 2407 1180 2475 repentinus
1189 2408 1261 2462 enirn
1272 2408 1384 2462 secundi
1392 2409 1518 2463 interitus
1534 2409 1566 2459 to

297 2508 424 2579 principis
446 2506 584 2574 duplicato
607 2506 700 2560 dolore
723 2506 900 2559 vehementer
919 2521 982 2559 eum
1003 2507 1131 2560 turbavit.
1152 2506 1222 2573 Quid
1243 2512 1335 2576 ageret
1355 2507 1518 2576 ignorabat?

297 2606 431 2660 Incertum
452 2603 525 2657 enirn
540 2603 669 2666 babebat,
681 2607 728 2656 aut
739 2603 931 2672 imperatorem
944 2608 1066 2671 repetere
1078 2609 1126 2656 aut
1144 2604 1281 2671 inceptum
1294 2604 1345 2657 iter
1357 2604 1517 2672 imperfecto

297 2704 405 2775 negotio
433 2719 561 2772 peragere
583 2703 701 2755 deberet
723 2701 794 2755 Vicit
816 2702 925 2755 tandem
947 2701 1033 2755 virilis
1057 2702 1163 2756 consilii
1183 2702 1330 2756 strenuitas
1349 2703 1517 2757 imminentis

297 2799 407 2870 periculi
416 2800 565 2867 jacturam:
581 2814 748 2867 suorumque
760 2797 999 2852 exhortationibus
1007 2798 1153 2863 relevatus,
1163 2803 1191 2852 et
1203 2815 1237 2851 ne
1249 2799 1404 2866 desperaret
1412 2816 1517 2854 ammo·

297 2899 377 2960 nitus,
388 2898 572 2967 retrogradum
587 2898 638 2951 iter
654 2896 773 2965 arripuit,
785 2912 869 2965 seque
888 2897 924 2964 pii
937 2897 1110 2965 imperatoris
1122 2896 1207 2950 oculis
1225 2897 1276 2950 diri
1289 2897 1429 2951 infortunii
1441 2899 1517 2966 baju·
1534 2903 1566 2950 tt

297 3000 339 3053 lus
354 2997 563 3067 representavit.
581 2997 695 3065 Cognito
712 2995 793 3064 igitur
810 2997 958 3064 imperator
975 2996 1122 3065 inopinatae
1140 2996 1179 3049 rei
1197 3001 1305 3055 eventu.
1323 2998 1472 3066 obstupuit,
1489 3003 1518 3052 et

297 3096 420 3166 petitioni
443 3095 637 3164 archiepiscopi
660 3094 821 3148 satisfecisse
842 3095 942 3160 dicens,
962 3096 1073 3148 tertium
1096 3095 1206 3148 mittere
1227 3095 1377 3163 denegavit.
1398 3096 1517 3151 Humilis

297 3198 389 3248 antem
407 3193 627 3263 archiepiscopus
644 3193 689 3247 rix
707 3192 800 3246 multis
826 3192 945 3246 lacrimis
965 3193 1121 3262 impetravit
1141 3198 1171 3245 ut
1191 3193 1344 3247 Romanam
1366 3195 1469 3248 curiam
1491 3196 1516 3249 ei

300 3292 408 3347 visitare
427 3292 532 3346 consilii
551 3292 637 3361 gratia
653 3292 754 3355 liceret,
772 3298 800 3345 ct
816 3291 919 3360 legatos
936 3292 1110 3361 imperatoris
1127 3307 1190 3345 eum
1208 3291 1304 3345 litteris
1325 3293 1517 3361 deprecatoriis

297 3406 389 3444 secum
401 3390 500 3443 ducere
511 3389 621 3444 valeret.
1534 3391 1565 3443 30

337 3486 371 3545 8.
395 3486 519 3555 Cumque
531 3487 558 3540 in
570 3487 645 3540 curia
662 3489 741 3544 esset.
753 3485 916 3553 quibusdam
928 3483 1056 3552 palatinis
1069 3501 1185 3554 praeesse
1197 3502 1226 3538 se
1238 3485 1357 3539 ecclesiae
1369 3486 1407 3539 illi
1419 3487 1517 3541 refere-

298 3587 345 3641 bat
356 3586 383 3641 in
392 3602 446 3654 qna
458 3584 530 3638 beati
543 3582 659 3652 apostoli
671 3583 786 3637 Thomas
796 3598 895 3652 corpus
913 3582 1082 3650 requiescere
1100 3582 1249 3635 dicebatur.
1266 3582 1340 3636 lnter
1350 3587 1440 3636 cetera
1451 3600 1517 3638 vero

297 3702 356 3754 quae
368 3686 401 3739 de
411 3685 465 3739 situ
477 3682 596 3737 ccclesiae
608 3682 853 3750 thesaurorumque
865 3680 1005 3750 opulentia
1018 3686 1045 3734 et
1056 3685 1281 3735 ornamentorum
1294 3681 1425 3735 varietate
1440 3699 1517 3737 enar·

297 3785 375 3847 roret,
385 3795 469 3833 unum
479 3776 694 3846 disseruitquod
702 3792 758 3830 non
766 3775 824 3829 sine
833 3775 1016 3829 admiratione
1024 3792 1104 3829 aures
1112 3775 1279 3829 audientium
1289 3793 1386 3845 capere
1394 3784 1517 3846 possunt

298 3880 419 3935 l’roedicti
435 3878 552 3949 apostoli
569 3877 682 3932 ecclesia
694 3893 799 3946 magnae
816 3876 967 3930 altitudinis
985 3876 1069 3930 fluvio
1082 3892 1115 3930 ex
1128 3877 1203 3930 omni
1215 3882 1290 3946 parte
1302 3877 1449 3942 clauditur;
1462 3878 1517 3947 qui,
1534 3883 1566 3934 35

297 3977 501 4032 decurrentibus
514 3976 600 4045 aquis,
612 3977 735 4045 septenni
752 3975 835 4029 etiam
853 3974 966 4045 puerulo
986 3980 1048 4028 octo
1067 3975 1163 4029 diebus
1180 3980 1243 4028 ante
1260 3975 1435 4029 festivitatem
1453 3994 1516 4046 apo·

297 4075 367 4143 stoli,
375 4076 543 4144 totidemque
555 4080 616 4143 post
627 4074 812 4138 festivitatem,
822 4090 876 4143 proe
888 4073 972 4127 nimia
984 4073 1105 4127 siccitate
1116 4090 1146 4127 se
1158 4073 1285 4128 viabilem
1299 4075 1407 4143 praebet.
1416 4075 1448 4128 ln
1457 4077 1516 4144 ipso

296 4180 387 4230 autem
401 4174 516 4228 solemni
528 4174 571 4227 die
584 4173 703 4228 collectis
712 4173 739 4227 in
749 4189 832 4227 unum
845 4174 930 4227 totius
941 4172 1087 4241 provincioe
1099 4173 1255 4242 proceribus
1264 4174 1393 4242 omnique
1405 4174 1477 4229 clero
1490 4180 1518 4228 et

297 4272 405 4343 populo,
422 4277 483 4342 post
503 4272 603 4326 multas
619 4272 745 4326 lacrimas
763 4271 874 4340 altaque
890 4270 1014 4341 suspiria,
1032 4272 1252 4342 archiepiscopus
1270 4289 1332 4326 cum
1350 4273 1393 4326 sui
1414 4273 1517 4328 ordinis

286 4360 401 4427 ¹clericis
415 4371 450 4425 nd
465 4370 537 4425 beati
546 4371 662 4440 apostoli
673 4372 803 4426 feretrum
816 4371 928 4435 aceedit,
940 4377 968 4425 et
980 4387 1013 4424 ex
1025 4388 1058 4425 eo
1070 4388 1133 4425 cum
1145 4387 1245 4440 magna
1255 4372 1406 4425 reverentia
1418 4388 1518 4442 corpus
1534 4371 1566 4425 to

298 4470 416 4524 levatum
430 4469 457 4524 in
468 4470 598 4523 cathedra
610 4469 756 4538 pontificali
774 4471 901 4523 decenter
912 4469 1034 4528 collocat.
1051 4471 1209 4540 primusque
1219 4470 1288 4524 tanti
1301 4471 1425 4524 advocati
1443 4471 1516 4539 pedi-

298 4568 348 4622 bus
359 4567 513 4631 advolutus,
524 4566 670 4622 oblationis
681 4585 737 4622 sua
749 4584 862 4622 munere
872 4568 1025 4638 apostolum
1044 4570 1170 4623 honorat
1188 4569 1288 4622 beatus
1300 4585 1365 4622 vero
1377 4569 1517 4637 apostolus

298 4666 439 4721 brachium
452 4665 537 4736 eripit,
550 4681 716 4736 manumque
733 4667 858 4736 aperitet
870 4666 1000 4736 quidquid
1013 4667 1038 4722 ei
1050 4667 1085 4721 ab
1099 4666 1232 4721 universis
1246 4671 1346 4721 nostros
1357 4665 1421 4720 fidei
1433 4666 1516 4723 culto·
