3270 5400
264 318 357 370 sinn.
375 316 456 368 une.
474 315 646 367 nnuxnnn.
666 335 713 344 —
731 313 879 365 irrnnu.
898 313 944 363 iu
962 312 1043 364 nou.
1062 303 1100 362 n⁰
1116 309 1192 361 osso.
1274 288 1346 360 0297

147 509 228 562 Num.
239 509 281 562 6...
297 508 410 562 inimice
422 509 474 560 Dei
484 524 570 575 qnare
581 524 634 560 non
646 510 777 572 recoqitas
788 508 851 574 quie
862 507 994 559 crearerit
1011 513 1116 557 terram
1134 520 1189 572 qno
1197 505 1349 572 portaris?

115 612 186 676 Quis
192 611 344 675 firmaverit
351 609 447 662 coelum
455 609 528 676 qnod
535 624 622 674 snpra
631 615 655 661 te
666 608 805 660 curtidis?
817 608 885 672 Ornis
892 608 987 672 fecerit
996 608 1077 658 solem
1087 613 1110 658 ct
1119 607 1223 669 lunam,
1232 620 1350 671 quornm

112 711 201 764 altero
213 710 403 775 indicauero
421 711 450 761 in
467 715 540 761 nocte
553 707 745 761 illuminaris?
764 707 801 759 Et
812 723 886 759 cessa
903 707 1001 759 borum
1017 708 1182 759 creationem
1198 704 1350 758 asscribere

113 811 304 877 spurcissimis
321 810 484 873 bominibus,
504 811 553 876 qui
568 815 629 876 poet
645 809 725 875 lonae
742 816 861 875 tempora
879 808 1024 859 mundone
1041 807 1204 859 conditionis
1221 807 1345 870 instructa

75 915 94 965 b
109 911 270 978 primordia
281 910 443 973 imbuerunt,
462 910 683 962 immundissima
701 910 857 960 rndimcntn
876 909 1050 972 vitiaverunt,
1069 923 1159 959 anseres
1176 913 1264 959 etates
1281 920 1351 958 suas

112 1016 307 1077 comnperunt,
325 1011 421 1062 ultimo
442 1025 504 1062 cero
525 1016 648 1076 temporo
664 1009 832 1075 ccipentibns
855 1024 949 1060 eornm
965 1007 1110 1059 sceleribus
1133 1007 1281 1071 infeliciter
1301 1013 1350 1058 aut

112 1107 246 1171 medio,
259 1113 308 1159 aret
318 1107 444 1171 fulmine,
456 1114 506 1158 ant
522 1106 631 1158 beluina
648 1108 801 1167 voracitate,
814 1113 862 1158 utet
875 1121 1015 1173 aquen-nm
1026 1106 1218 1168 submersione,
1228 1111 1277 1156 nect
1288 1119 1349 1171 pro

108 1209 182 1273 prin
197 1222 297 1259 manus
306 1207 516 1271 obtruncatione,
529 1214 576 1259 ont
586 1209 709 1272 anttnris
720 1208 874 1268 desectione,
887 1213 936 1257 aret
948 1206 1064 1273 qnalibet
1076 1207 1253 1270 iprsominiosi
1269 1207 1348 1257 exitii

111 1321 209 1372 uenere
219 1307 441 1359 terminaverunt.
454 1307 529 1359 Dens
540 1323 615 1358 mene
625 1308 717 1359 celum
734 1313 758 1358 et
774 1313 877 1358 terram
895 1314 918 1358 et
935 1314 1036 1358 ceteros
1054 1321 1112 1372 qne
1128 1305 1173 1357 leis
1192 1306 1351 1369 interjacere

59 1411 95 1462 tt
113 1412 258 1456 creaturos
269 1406 398 1471 condidit,
409 1408 479 1480 repit
490 1413 513 1458 et
525 1422 663 1473 quousque
673 1407 710 1458 ael
723 1407 751 1457 id
764 1406 834 1457 unde
845 1412 957 1472 sumptu
968 1413 1031 1457 sunt
1048 1405 1167 1469 refluant
1177 1405 1349 1470 pitbernabit.

113 1503 177 1572 lpsc
195 1504 264 1556 idem
277 1520 382 1572 semper
390 1521 553 1571 permanens
568 1511 628 1572 pont
648 1505 719 1564 illas,
740 1506 809 1556 eiciet
826 1520 932 1572 semper
948 1506 1100 1571 permansit
1118 1510 1180 1555 ante
1198 1504 1270 1555 illas.
1287 1502 1351 1569 Ipse

113 1603 274 1654 animarem
286 1604 407 1655 omnium
422 1603 523 1655 liabens
533 1610 694 1669 potestatem,
708 1620 777 1670 qnae
789 1605 996 1671 predestinavit
1009 1604 1122 1661 sulcari.
1133 1603 1256 1655 enstoolia
1267 1603 1348 1655 conti·

112 1717 173 1753 nun
185 1718 268 1767 snper
280 1718 326 1753 eos
337 1703 459 1763 intendit,
472 1719 541 1770 qnos
558 1720 619 1755 cero
629 1706 762 1769 praescivit
773 1704 956 1765 condemnari,
976 1705 1085 1768 patitur
1097 1703 1197 1768 absque
1207 1703 1348 1768 providen-

113 1799 157 1850 tio
178 1814 230 1849 sua
253 1800 293 1851 sic
318 1799 474 1866 deprocari,
498 1807 529 1851 nt
557 1802 680 1853 incidant
707 1803 736 1853 in
761 1802 908 1868 perniciem
928 1802 1153 1868 pruoarieatoris
1167 1802 1278 1865 unpeli,
1301 1801 1350 1867 qui

58 1906 96 1956 tu
111 1900 310 1963 manricator
320 1900 434 1965 anpclus
442 1901 508 1953 deus
516 1907 581 1953 tnnc
592 1908 648 1963 eet,·
659 1904 759 1968 quique
767 1902 907 1953 bominum
915 1917 1033 1968 qnorum
1044 1901 1196 1952 sincreiacro
1209 1902 1351 1952 ceneraris

112 1996 345 2060 misereremei
362 2000 432 2050 sicut
450 1999 512 2052 illos
526 2016 615 2052 secum
631 2001 803 2052 damnandos
820 2002 978 2067 assmpsit,
991 2001 1030 2052 ito
1047 2008 1070 2051 te
1087 2016 1180 2052 eornm
1198 2001 1350 2052 seductione

111 2101 255 2152 irretitum
266 2102 304 2153 nd
314 2117 393 2152 ensem
407 2103 546 2154 interitum
555 2104 663 2168 rapient
672 2104 781 2154 socium.
791 2103 844 2154 Nec
852 2110 881 2154 tn
894 2104 969 2154 solus
979 2102 1013 2153 ab
1025 2103 1076 2153 lenc
1085 2104 1249 2167 montellum
1258 2103 1351 2154 minus

111 2216 191 2252 cuens
202 2201 359 2266 abripiaris,
371 2203 418 2254 sed
429 2208 453 2253 et
464 2203 640 2268 imperatores
651 2204 693 2253 tni
701 2202 765 2253 leuic
775 2205 856 2253 morti
864 2203 1000 2265 debentur,
1013 2219 1130 2269 qnoniam
1139 2202 1280 2268 preceptis
1292 2202 1351 2254 ideo

111 2299 278 2367 obsequeris,
296 2307 325 2352 nt
337 2317 431 2353 eornm
447 2303 591 2368 suppliciis
604 2302 794 2366 infernalibus,
817 2310 844 2352 nt
864 2303 955 2367 fidelis
974 2303 1127 2367 clientnlne,
1145 2318 1199 2354 non
1219 2304 1351 2369 priveris.

51 2400 92 2453 2⁰
110 2398 215 2454 Decius
226 2398 311 2452 dixit:
324 2401 422 2454 Adbuc
431 2403 566 2468 potiens...

228 2694 267 2738 un
288 2695 405 2740 smero
427 2696 533 2741 muno
554 2696 710 2742 uonicno.
729 2678 807 2759 (Cir.
829 2698 939 2760 snpra,
962 2699 1035 2760 pag.
1061 2679 1132 2755 0288,
1153 2680 1233 2761 400.)

393 2881 521 2940 Pussto
542 2880 661 2941 saneti
681 2882 804 2941 Mauri
823 2882 988 2942 monachi
1013 2878 1070 2959 (1).

158 3088 192 3146 1.
215 3090 296 3160 Apud
313 3089 433 3144 Castellu
443 3091 592 3159 provinciae
607 3091 715 3147 Adricae
734 3098 793 3145 erut
809 3093 921 3161 quidam
941 3094 983 3147 vir
1000 3094 1099 3148 timens
1116 3109 1219 3145 nomen
1232 3091 1342 3145 Domini

109 3188 203 3245 nostri
216 3189 282 3242 lesu
294 3187 405 3251 Christi,
418 3204 451 3241 ex
462 3189 622 3258 parentibus
633 3191 799 3255 christianis,
811 3192 924 3246 nomine
935 3193 1053 3255 Maurus,
1065 3192 1183 3246 multum
1195 3196 1223 3245 et
1234 3190 1349 3244 nimiam

51 3296 92 3347 ¹5
108 3288 221 3343 humus
236 3288 492 3356 substantiamQui
505 3289 629 3356 quotidie
647 3290 675 3343 in
690 3289 862 3344 orationibus
880 3292 1028 3345 Dominum
1047 3292 1220 3359 precabatur,
1236 3289 1348 3357 jejuniis

110 3402 214 3457 corpus
224 3387 393 3469 mucerubat,
404 3388 563 3442 elemosinis
575 3388 673 3451 viduis,
684 3389 817 3458 orphanis
828 3394 855 3443 et
867 3390 959 3458 egenis
975 3390 1135 3458 frequenter
1146 3389 1278 3458 impensis
1290 3405 1347 3442 nou

109 3486 300 3542 minuebatur.
308 3486 433 3554 Cumque
445 3487 498 3540 hoc
507 3487 638 3541 omnibus
646 3488 878 3543 diebusvitaesuae
887 3490 1214 3557 incessanterperageret‚
1224 3492 1292 3541 nutu
1299 3489 1350 3541 Dei

110 3586 348 3656 Spiritussuuctus
357 3585 507 3640 immisitiu
515 3603 627 3640 sensum
637 3588 696 3653 eJus
705 3593 736 3641 ut
744 3589 944 3641 monasterium
953 3588 1226 3657 ingrederetur.Cum
1235 3604 1299 3656 ergo
1309 3588 1347 3642 ibi

110 3685 260 3751 habitant
269 3686 309 3740 ita
317 3686 399 3755 coepit
411 3686 446 3739 ab
456 3686 592 3740 universis
602 3686 733 3740 iratribus
742 3686 825 3755 diligi.
835 3692 865 3741 nt
873 3687 958 3741 veluti
967 3693 1073 3757 patrem
1084 3704 1146 3741 eum
1160 3704 1257 3741 omues
1266 3703 1348 3741 vene·

55 3790 92 3844 ὃν
109 3791 247 3839 murm.
259 3785 385 3853 Cumque
397 3785 562 3854 complesset
572 3802 660 3839 annos
677 3801 743 3838 xv111
759 3802 843 3854 agens
855 3786 939 3840 vitam
952 3789 1162 3845 monachorum.
1176 3787 1301 3841 introivit
1318 3786 1346 3841 in

110 3900 225 3939 nusum
242 3885 303 3953 ejus
319 3885 495 3950 desiderium,
506 3891 537 3939 ut
549 3887 635 3939 sancti
649 3886 720 3940 Petri
737 3888 853 3954 apostoli
865 3905 965 3956 eorpus
979 3888 1112 3941 visitaret.
1126 3889 1158 3941 Et
1170 3887 1348 3955 proficiscens

111 3983 172 4037 Deo
183 3982 335 4037 auxiliante
351 3984 471 4037 Bauium
489 3984 622 4051 pervenit,
640 3989 668 4037 st
684 4001 747 4037 cum
765 3984 903 4039 didicisset
923 3985 1017 4038 omnia
1037 3986 1168 4053 mysteria
1185 3989 1212 4038 et
1232 4002 1345 4039 omnem

109 4082 233 4152 tegmem
246 4082 380 4143 ecclesius,
390 4082 480 4136 multo
492 4082 580 4151 magis
591 4083 619 4136 in
632 4082 700 4135 urbe
713 4082 803 4136 Roma
814 4083 895 4151 coepit
903 4083 1060 4136 christianis
1071 4087 1099 4136 et
1108 4083 1200 4152 egenis
1211 4090 1344 4138 consuete

110 4183 235 4253 prebere
245 4182 355 4237 solutis.

54 4289 92 4341 ὅ
152 4281 188 4338 2.
211 4280 283 4336 Cum
300 4298 367 4336 vero
384 4281 439 4336 illic
450 4281 641 4336 demoraretur
657 4281 737 4335 aunis
754 4281 849 4344 tribus,
868 4285 964 4337 eodem
986 4289 1109 4351 tempore
1126 4298 1182 4349 quo
1200 4283 1346 4351 imperium

110 4382 233 4438 obtinuit
246 4381 432 4436 Numerianus
448 4381 635 4450 impiissimus.
647 4382 728 4451 coepit
739 4399 787 4451 per
798 4383 923 4436 civitates
936 4389 963 4436 et
974 4383 1129 4452 provincias
1146 4400 1196 4436 sua
1209 4389 1344 4453 precepta

142 4615 182 4679 (1)
198 4614 240 4668 De
250 4612 278 4667 S.
287 4585 382 4667 blanco
394 4613 500 4667 mentio
511 4614 543 4667 iit
554 4614 582 4667 in
602 4617 659 4668 Act.
672 4616 726 4679 SS,
744 4615 814 4666 inter
827 4613 1028 4666 Praetermissos
1041 4614 1075 4666 ud
1087 4614 1112 4666 d.
1123 4616 1141 4667 5
1151 4614 1235 4681 lunii,
1248 4621 1313 4669 tom.
1326 4616 1346 4679 1,

105 4715 135 4768 p.
151 4696 212 4752 419.
