3270 5400
317 351 1414 424 mmmmm-mmmmuwm9l

487 582 667 654 Quomodo
690 583 882 642 baerettcos
903 579 1113 654 extirpavit.

253 768 279 827 ³.
296 772 437 826 Secundum
456 774 532 841 qued
549 772 677 827 scribitur
697 772 726 825 in
741 773 812 826 libro
830 774 950 827 secundo
969 775 1003 827 de
1020 773 1133 844 Apibus,
1151 776 1269 844 capitulo
1287 793 1360 831 nono
1371 778 1417 844 (1),

224 870 305 924 duobus
319 871 391 925 annis
407 875 555 940 antequam
575 869 704 924 tilbertus
722 870 836 939 Magnus
853 871 889 925 ad
905 871 1061 925 Romanam
1074 872 1177 926 curiam
1190 873 1286 927 luisset
1304 879 1418 928 vocatus

225 985 344 1038 perparvam
352 970 386 1024 ad
397 969 506 1038 aliquos
519 985 625 1023 errores
636 969 823 1038 extirpandos
832 969 944 1038 quidam
962 972 1124 1039 praepositus
1142 972 1272 1041 regularis
1284 974 1318 1026 de
1330 973 1418 1026 Bava-

202 1068 300 1131 triarir
313 1073 405 1122 sauctae
422 1068 648 1132 conversationis,
665 1068 761 1122 Romae
774 1069 803 1122 in
815 1069 929 1122 ecclesia
946 1069 1019 1122 beati
1036 1070 1109 1124 Petri
1127 1087 1216 1135 orans,
1229 1072 1257 1125 in
1274 1088 1416 1126 excessum

224 1168 298 1221 nentis
311 1174 405 1239 raptus,
422 1168 491 1223 vidit
510 1168 596 1238 ipsam
616 1168 759 1223 ecclesiam
778 1169 951 1238 serpentibus
969 1170 1086 1239 plenam.
1103 1188 1221 1240 quorum
1239 1171 1418 1225 horribilibus

226 1266 288 1321 sibilis
301 1270 371 1322 'non
388 1273 495 1322 tantum
514 1268 582 1336 ipsa,
597 1284 694 1321 verum
714 1268 797 1322 etiam
816 1273 874 1322 tota
890 1269 1018 1323 Romana
1036 1270 1132 1323 civitas
1144 1270 1307 1338 replebatur.
1319 1270 1417 1340 Sisque

226 1373 307 1421 sanctus
316 1368 352 1422 vir
362 1384 424 1421 cum
437 1367 549 1421 territus
558 1373 637 1431 esset,
647 1368 717 1421 vidit
728 1367 817 1420 virum
830 1367 858 1420 in
870 1368 967 1421 babitu
985 1367 1094 1422 Ordinis
1106 1369 1319 1423 Praedicatomm
1331 1369 1417 1423 eccle·

227 1467 277 1519 sien
286 1467 464 1521 introeuntem.
475 1465 564 1533 Quem
576 1483 640 1520 cum
649 1471 771 1535 stuperet
783 1467 960 1535 incognitum,
973 1467 1075 1520 dictum
1088 1473 1129 1521 est
1141 1468 1166 1521 ei
1178 1485 1310 1537 responso
1322 1468 1416 1522 divino

193 1565 215 1613 ll
227 1567 332 1634 quonodo
341 1567 467 1621 tilbertus
484 1565 596 1620 nomine
604 1571 758 1620 vocaretur.
778 1566 857 1621 Hunc
869 1584 933 1637 ergo
953 1567 1065 1621 fratrem
1086 1567 1152 1621 dicti
1172 1572 1313 1637 serpentes
1331 1568 1417 1623 sibilis

227 1664 355 1732 inportunis
366 1666 485 1734 aggressi
497 1666 519 1726 *.
531 1665 709 1718 involvebant
724 1681 754 1718 se
771 1665 885 1733 pedibus
900 1666 959 1732 ejus
972 1672 999 1719 et
1013 1666 1141 1729 brachiis,
1154 1666 1257 1734 pectori
1266 1683 1376 1736 quoque
1385 1684 1418 1721 ac

228 1763 289 1816 totius
303 1766 415 1833 corporis
432 1764 574 1818 membris.
593 1764 632 1817 De
649 1780 768 1832 quorum
786 1764 878 1817 medio
896 1781 926 1817 se
944 1764 1059 1819 viriliter
1075 1782 1107 1818 ac
1124 1765 1258 1819 violenter¹
1269 1766 1418 1830 excutiens,

229 1863 318 1916 aseendit
330 1864 485 1917 cathedram
498 1864 527 1916 in
540 1880 594 1931 qua
609 1867 736 1916 sanctum
752 1862 929 1931 Evangelium
943 1863 1039 1916 diebus
1054 1863 1223 1917 solemnibus
1238 1864 1289 1932 legi
1304 1881 1418 1919 consue-

229 1964 324 2021 centu
338 1961 401 2029 legit
416 1960 445 2013 in
463 1976 496 2013 ea
514 1958 694 2027 Evangelium
710 1958 862 2011 secundum
877 1958 1033 2012 «iohannem
1047 1976 1135 2028 usque
1152 1961 1187 2012 ad
1206 1960 1283 2014 illum
1301 1961 1393 2015 locum
1412 1981 1419 2015 ε

195 2054 218 2103 tt
231 2055 316 2110 t'crtum
324 2076 383 2113 caro
391 2062 497 2124 fuctum
506 2067 544 2112 cst
553 2066 577 2111 ct
587 2059 718 2111 lcobitucr't
727 2060 756 2109 in
768 2058 853 2110 arabis.
862 2056 1016 2125 Statimque
1028 2063 1185 2126 serpentum
1196 2058 1292 2113 sibilus
1302 2059 1419 2128 quievit;

229 2153 346 2225 iugulisque
353 2157 533 2227 serpentibus,
546 2172 597 2225 pax
610 2155 718 2209 reddita
735 2160 776 2208 est
788 2154 932 2209 universis.
944 2156 1008 2209 Haec
1025 2173 1089 2225 ergo
1101 2157 1166 2225 quid
1184 2157 1368 2225 significarent
1379 2157 1421 2211 vir

230 2260 309 2309 sauctus
318 2257 449 2327 ignorans,
461 2258 602 2311 interram
612 2272 690 2309 suam
701 2271 826 2308 reversus
838 2260 879 2308 est
896 2260 924 2308 et
940 2256 1048 2308 cuidam
1060 2256 1148 2309 sorori
1165 2274 1229 2320 sum,
1241 2257 1420 2311 sanctissimae

231 2352 318 2419 reclusa,
326 2357 389 2424 quid
398 2356 450 2410 sibi
459 2356 556 2409 llomae
566 2354 718 2409 revelatum
731 2354 820 2407 iuerat
829 2354 968 2407 indicavit.
977 2354 1027 2408 Cui
1037 2355 1083 2408 illa
1091 2356 1271 2409 vehementer
1279 2356 1420 2409 exultans:

231 2447 372 2522 lt'cccinquit.
383 2455 481 2506 audiui
491 2455 563 2521 quod
573 2455 619 2505 itte
636 2452 762 2505 atterens
774 2454 824 2520 qui
834 2453 884 2505 tibi
895 2454 923 2504 iu
933 2454 1034 2505 cisione
1044 2455 1137 2519 fertur
1147 2461 1323 2519 cnoccstratue,
1334 2471 1422 2521 nuper

199 2542 221 2593 ii
233 2552 328 2605 comitile
338 2554 486 2621 Oppenhem
495 2552 532 2617 (n
538 2569 623 2620 prope
634 2559 738 2604 terram
746 2553 828 2603 islam
840 2553 980 2604 locuturus
992 2554 1137 2605 edocuerit.
1150 2552 1183 2604 Et
1195 2553 1356 2620 praepositus
1365 2567 1421 2605 non

232 2647 366 2705 mediocriter
373 2651 483 2720 gavisus
496 2651 524 2705 in
532 2650 617 2704 verbo
630 2669 635 2703 :
653 2651 766 2716 Vadam,
778 2649 874 2718 inquit,
884 2658 907 2703 et
918 2651 1009 2703 ridebo
1021 2652 1083 2717 quis
1095 2654 1138 2703 sit.
1154 2652 1239 2718 Spero
1251 2653 1321 2703 cuim
1333 2651 1423 2704 adbuc

233 2749 282 2811 etad
292 2752 377 2814 sociem
394 2753 454 2817 ejus
471 2767 625 2817 coynoacum
644 2767 677 2802 ea
692 2751 763 2803 dicto
783 2751 892 2802 cisione.
912 2749 946 2801 Et
963 2749 1021 2801 tuuc
1039 2748 1140 2809 dicens
1159 2750 1315 2818 properavit
1331 2748 1423 2803 videre

233 2842 306 2911 tirum
321 2855 347 2904 et
362 2867 395 2904 ex
413 2849 572 2903 certissimis
588 2847 672 2917 signis
689 2852 809 2914 stature,
828 2847 916 2909 faciei,
933 2846 1033 2901 coloris
1051 2851 1079 2900 et
1097 2864 1187 2916 parra
1206 2846 1320 2901 nraculae
1339 2860 1422 2916 quam

234 2940 321 3001 labebd
334 2949 383 3003 sub
400 2947 541 3018 palpebra,
552 2947 695 3001 Albertum
714 2946 881 3016 recognovit.
892 2946 998 3010 bibare,
1016 2947 1109 3007 lector,
1128 2946 1290 3014 obstupesce
1307 2948 1423 3000 iniracu-

202 3032 279 3093 ”ltm-
285 3042 342 3110 Qud
350 3063 382 3100 eo
391 3046 545 3100 evidentius
553 3045 659 3114 quam*
669 3045 777 3098 vidisti?
787 3060 837 3098 nec
848 3044 876 3097 in
885 3044 970 3098 verbo
980 3045 1063 3098 distat
1073 3044 1160 3099 visio*
1174 3045 1220 3098 diu
1232 3045 1424 3114 precognitus

235 3138 316 3197 retacta
324 3145 496 3214 postmodum
506 3146 520 3175 *
532 3144 685 3198 subsecuta.
697 3143 830 3197 Indicurit
838 3160 903 3213 ergo
914 3143 954 3196 vir
962 3148 1073 3197 sanctus
1083 3144 1155 3198 dicto
1168 3145 1298 3212 magistro
1310 3143 1422 3198 Alberto

236 3238 402 3313 medumquem
420 3243 527 3298 viderat
543 3242 670 3299 visionis:
688 3243 735 3296 sed
757 3248 855 3296 neuter
868 3242 938 3310 ,quid
954 3243 1008 3296 hoc
1027 3243 1177 3311 significare
1195 3247 1288 3311 posset
1304 3245 1423 3310 agnovit.

1441 1279 1455 1310 *
1467 1281 1523 1333 cod.
1535 1277 1633 1333 sibulis

1489 1360 1513 1406 et
1524 1369 1588 1407 mox

1457 1420 1556 1501 iterum
1567 1419 1616 1471 bis.

1498 1678 1513 1708 ¹⁸
1524 1679 1581 1732 cod.

1487 1742 1596 1812 egressi.

236 3332 310 3393 Accidit
323 3350 408 3397 autem
426 3347 456 3397 ut
473 3346 535 3412 post
553 3343 622 3397 duos
639 3359 727 3396 annos
745 3343 824 3395 dictae
843 3341 965 3405 visionis
982 3341 1093 3410 quidam
1113 3341 1161 3394 tilii
1180 3341 1282 3395 diaboli
1300 3343 1424 3396 diversos
1530 3363 1536 3376 ·
1579 3322 1584 3334 ⁸

236 3445 311 3491 tstores
318 3441 343 3494 in
354 3442 473 3496 Ecclesia
482 3441 649 3495 seminarent
655 3461 661 3504 ;
670 3442 862 3511 propterquod
870 3440 998 3494 eilbertus
1008 3446 1049 3493 est
1058 3457 1108 3508 per
1116 3457 1216 3510 papam
1224 3442 1258 3493 ad
1268 3442 1424 3494 Romanam

204 3522 311 3589 alturicini
325 3540 456 3595 invitatus.
467 3541 538 3594 Ante
550 3541 628 3609 cujus
646 3541 795 3595 adventum
807 3540 987 3594 seminatores
1005 3556 1129 3593 errorum
1146 3540 1216 3593 miro
1231 3541 1314 3593 modo
1324 3540 1425 3594 Roma·

237 3641 284 3684 tum
296 3636 382 3695 clerum
399 3656 507 3694 necnon
516 3646 544 3693 et
554 3640 685 3709 populum
699 3641 728 3694 in
744 3656 801 3693 sucu
813 3639 1000 3708 perversitatis
1016 3644 1120 3707 partem
1134 3643 1334 3703 converterant,
1344 3644 1426 3707 atque

238 3727 363 3792 mereant
378 3739 471 3793 multis
484 3738 583 3793 verbis.
595 3739 648 3792 Sed
661 3738 696 3792 ad
713 3738 866 3792 doctrinam
884 3743 912 3791 et
929 3737 1153 3806 pradicationem
1170 3737 1276 3790 Alberti
1292 3737 1381 3806 Magni
1398 3737 1426 3791 in

238 3820 293 3880 brevi
301 3847 382 3889 onnes
390 3852 497 3890 errores
506 3836 617 3890 luerunt
626 3836 756 3890 destructi
766 3840 793 3889 et
802 3835 951 3889 adversarii
969 3835 1091 3903 dispersi.
1104 3835 1207 3888 Deinde
1219 3836 1253 3887 ad
1266 3834 1426 3902 petitionem

238 3919 314 3984 donini
321 3949 389 4003 papae
402 3940 429 3989 et
438 3935 620 3990 cardinalium
630 3935 694 4004 legit
705 3935 835 3988 tilbertus
844 3934 1021 4003 Evangelium
1033 3933 1166 3987 lobannis
1179 3933 1299 3988 totaliter
1311 3939 1427 3988 etcauo·

202 4014 228 4066 ²⁸
239 4018 294 4078 litas
308 4032 423 4101 epistolas
439 4050 522 4104 super
544 4051 654 4089 omnem
673 4034 819 4088 hominem
839 4034 909 4087 miro
931 4037 958 4086 et
977 4032 1101 4087 inaudito
1120 4033 1211 4086 niodo.
1228 4032 1262 4086 Et
1278 4033 1316 4086 sic
1328 4033 1428 4087 erroris

239 4124 380 4187 uubanus
391 4134 477 4203 fugati
488 4138 553 4187 sunt
563 4153 569 4188 :
578 4150 628 4188 nec
641 4134 737 4188 refellit
745 4134 848 4187 factum
856 4134 870 4163 *
880 4131 1056 4201 {enigmaticre
1067 4131 1240 4185 revelationis
1250 4132 1350 4185 veritus
1361 4149 1427 4201 pro·

239 4218 338 4296 phetam
348 4233 430 4289 immo
439 4233 592 4288 secundum
602 4239 719 4288 ostensae
732 4234 771 4287 rei
781 4232 905 4286 ordinem
916 4232 1009 4285 omnia
1017 4230 1189 4299 contigerunt
1198 4232 1242 4297 (l).

265 4432 291 4498 (l)
302 4440 359 4500 Edit.
367 4447 419 4512 eit,
428 4463 486 4516 cap.
499 4463 526 4509 x,
537 4462 614 4500 num.
624 4447 709 4509 ibid,
722 4463 781 4514 pag.
795 4446 908 4499 ltu-178.
922 4477 952 4483 —
971 4446 1006 4510 (⁴2)
1024 4445 1230 4499 Otbeacnenssi.
1248 4448 1291 4499 lta
1313 4447 1428 4500 licernes

240 4513 586 4599 &mmmmpm.

311 4839 394 4883 cml..
411 4844 495 4883 ΕΒΗ.
511 4844 536 4882 Τ.
553 4844 582 4882 11.

1513 4143 1526 4173 *
1539 4160 1590 4210 pro

1479 4208 1627 4262 sanetum?
