3270 5400
640 322 765 375 CATAL.
792 322 895 375 CODD.
922 322 1196 375 Htmoounrfflu

404 515 443 586 3⁰
468 510 598 587 Passio
615 509 732 586 sancti
749 510 846 584 Piati
859 510 1044 604 martyris
1058 533 1142 603 quae
1155 516 1211 583 est
1227 510 1412 584 Kalendas
1425 511 1531 585 Octo-

451 629 530 703 bris
545 628 623 720 (fol.
640 627 778 718 9⁸:12¹).

336 768 417 823 Edita
436 784 488 837 ope
507 766 590 835 hujus
610 765 669 818 cod.
689 764 717 819 in
732 765 792 819 Art.
808 765 865 830 SS,
885 764 919 817 ad
939 764 965 817 ὰ
984 765 997 817 1
1013 762 1080 819 Oct..
1094 769 1160 817 tom.
1173 764 1192 829 l,
1204 780 1229 832 p.
1245 764 1330 817 9994.
1342 794 1374 801 -
1392 765 1445 818 Cir.
1458 765 1531 830 ἰωὰ,

304 865 457 920 Comment.
469 880 559 933 praer,
572 879 646 916 num.
658 863 691 916 90
702 862 737 931 (p.
750 862 800 927 11).

402 983 443 1055 4⁰
467 981 598 1054 Passio
622 979 740 1053 saucii
762 976 976 1070 Leodcgarii
997 978 1157 1069 episcopi
1180 985 1216 1051 et
1241 977 1426 1071 martyris,
1445 1002 1530 1072 quae

452 1101 509 1169 est
521 1099 626 1168 sexto
639 1092 766 1165 Nonas
779 1090 947 1164 Octobris
960 1092 1038 1182 (sol.
1059 1091 1219 1185 19-18).

336 1232 432 1287 Passio
449 1236 561 1286 auctore
577 1228 702 1284 Ursicino
722 1228 796 1282 edita
816 1243 849 1280 ex
866 1227 920 1280 hoc
940 1228 999 1280 cod.
1017 1227 1045 1281 in
1064 1230 1122 1281 Act.
1134 1229 1190 1294 88,
1210 1229 1245 1280 ad
1263 1229 1288 1281 ὰ
1306 1228 1322 1280 9
1340 1229 1406 1292 Oet,
1424 1232 1491 1282 tom.
1510 1229 1530 1292 l,

302 1349 330 1402 p.
339 1331 458 1386 485490.
466 1361 498 1370 -
507 1327 640 1396 Prologus
651 1326 680 1380 in
691 1325 785 1379 codice
796 1323 973 1378 desideratur.

402 1447 442 1521 5⁰
467 1442 678 1518 Translatio
696 1441 862 1535 ejusdem
880 1439 957 1532 (fol.
976 1440 1136 1530 ἰδ’-18).

335 1583 414 1638 Edita
425 1582 499 1647 ibid,
510 1599 536 1651 p.
546 1581 665 1643 tradat,
676 1595 725 1632 seu
736 1594 811 1631 num.
823 1575 988 1630 51·73.-1n
1000 1576 1060 1629 eod.
1072 1576 1134 1628 linis
1145 1575 1346 1643 aliquantulum
1359 1576 1532 1630 contrahitur

302 1687 330 1737 et
341 1682 457 1736 subinde
466 1680 591 1750 quaedam
604 1678 632 1731 in
645 1693 765 1746 corpore.

401 1799 441 1870 6⁰
466 1795 632 1888 Epistola
648 1792 773 1867 Ursini
791 1793 837 1865 ad
858 1791 1091 1864 Ausonidum
1109 1790 1376 1865 Pictavieusem
1394 1792 1530 1884 episco-

450 1931 541 2004 pum
557 1909 634 2001 (fol.
656 1910 742 2001 17¹).

334 2049 413 2103 Edita
427 2046 500 2109 ἰωὰ,
509 2063 534 2115 p.
542 2047 599 2099 485.
609 2072 640 2081 -
649 2045 692 2097 Ad
703 2044 786 2098 finem
799 2045 944 2113 subjuncta
956 2050 1020 2098 sunt
1031 2043 1164 2098 nonnulla
1175 2043 1309 2097 miracula
1320 2061 1381 2112 quae
1393 2045 1531 2112 pertinent

302 2146 338 2203 ad
347 2144 563 2208 translationem,
572 2142 647 2196 edita
659 2142 733 2207 ἰωὰ,
742 2160 767 2210 p.
777 2142 824 2195 481
836 2143 922 2210 (num.
932 2142 1026 2209 73-76).

402 2265 441 2337 7⁰
465 2261 596 2335 Passio
618 2261 777 2333 duorum
796 2260 1030 2332 Ewaldorum
1055 2260 1353 2352 presbiterorum,
1373 2283 1457 2353 qum
1474 2267 1530 2334 est

301 2379 432 2474 quinto
450 2377 576 2450 Nonas
594 2374 762 2449 Octobris
780 2375 857 2466 (fol.
876 2377 1034 2469 172181).

334 2517 414 2572 Edita
431 2517 460 2570 in
472 2518 529 2569 Act.
541 2516 597 2580 SS,
609 2513 679 2567 add.
691 2512 901 2577 300t‚to1n.11‚
912 2530 956 2582 pp.
973 2513 1030 2577 905,
1041 2514 1099 2567 906.
1110 2542 1140 2552 -
1152 2514 1194 2567 Ad
1206 2514 1252 2568 fin.
1270 2516 1298 2568 in
1313 2516 1372 2569 cod.
1389 2516 1528 2570 adduntur

301 2616 507 2684 nonnullaquae
518 2615 646 2683 leguntur
657 2614 729 2682 apud
742 2613 853 2676 Bedam,
871 2616 944 2666 Hict.
961 2616 1056 2678 eccles,
1074 2618 1139 2667 sect.
1156 2632 1195 2678 ιιι,
1212 2632 1269 2683 cap.
1286 2617 1303 2668 3
1320 2615 1425 2684 (Mlgne,
1443 2616 1471 2670 P.
1490 2616 1528 2681 L,

301 2720 368 2770 tom.
379 2714 457 2777 XCV,
468 2730 493 2782 p.
504 2713 564 2779 946)
576 2712 680 2766 scilicet
692 2727 708 2764 a
720 2711 829 2765 verbis:
850 2713 907 2778 Quo
926 2719 1042 2780 tempore
1059 2715 1165 2779 fratrea
1184 2729 1271 2780 usqne
1288 2715 1324 2766 ad
1341 2717 1411 2767 diem
1429 2717 1527 2768 clausit

301 2816 435 2879 ultimum,
445 2811 584 2866 nonnullis
595 2815 690 2864 tamen
702 2810 816 2864 vocibus
828 2809 855 2863 ἰιι
867 2811 928 2864 cod.
940 2810 1056 2864 omissis.

333 2913 365 2967 ln
377 2911 437 2966 eod.
446 2910 540 2964 Passio
552 2909 647 2978 incipit
658 2909 744 2963 hocce
756 2909 839 2962 modo
853 2928 859 2962 :

423 3017 641 3100 Temporibus
662 3015 815 3098 pristinis
826 3015 985 3079 Romanae
1006 3017 1203 3098 praesidente
1224 3018 1294 3081 sedi
1309 3018 1419 3099 Sergio
1442 3037 1529 3100 papa

464 3114 640 3180 venerabili
653 3117 686 3178 et
700 3114 885 3197 apostolico,
897 3117 1054 3195 regnante
1065 3134 1140 3178 vcro
1153 3114 1294 3195 glorioso
1306 3115 1442 3196 Pippino
1453 3136 1529 3197 rogo

465 3213 745 3294 catholico,quam
767 3211 862 3275 multi
884 3211 973 3293 apud
994 3211 1139 3275 Fresiam
1158 3213 1344 3276 claruerunt
1366 3214 1453 3275 vorbi
1470 3213 1528 3277 Dei

465 3312 687 3377 seminatores.
702 3310 789 3374 Inter
804 3329 886 3391 quos
902 3310 1001 3373 etiam
1015 3310 1145 3392 speciali
1160 3312 1375 3392 praerogatira
1396 3312 1529 3375 merito-

464 3431 538 3483 mnr
550 3413 583 3473 et
593 3409 748 3491 singulari
759 3408 974 3491 spiritualium
990 3409 1067 3473 dote
1081 3409 1238 3473 virtutum
1253 3410 1422 3490 magnifiee
1444 3431 1529 3492 prae-

465 3507 1529 3592 pollebantegregiipontificesHegbertus,Suitbcrtus,Wicbortns

466 3612 565 3690 atque
583 3606 818 3671 Willebrordus
834 3606 889 3686 qui
905 3606 1033 3687 populis
1050 3607 1220 3671 barbarico
1238 3627 1328 3671 more
1346 3608 1529 3672 virentibus

467 3711 500 3774 et
514 3725 716 3791 paganorum
730 3704 891 3787 spurcitiis
902 3704 1020 3769 deditis
1032 3704 1130 3768 fidem
1142 3705 1334 3769 catholicam
1347 3711 1379 3771 ot
1393 3708 1530 3771 verbnm

467 3807 579 3872 salutis
591 3804 866 3887 evangelizabant.

403 3946 441 4016 8⁰
470 3942 556 4015 Vita
584 3939 684 4013 beati
713 3938 880 4012 Sanctiui
906 3938 1079 4030 episcopi,
1110 3938 1217 4032 enjus
1245 3940 1381 4013 testum
1411 3947 1466 4013 est
1490 3955 1530 4013 v⁰

451 4056 577 4130 Nonas
595 4054 741 4127 Octobr.
756 4054 833 4145 (fol.
851 4055 1012 4144 18’-18”).

338 4192 528 4260 Fragmentum
540 4190 661 4259 epistolae
672 4190 814 4244 Hinemari
826 4190 861 4243 ad
873 4190 1002 4244 Carolum
1015 4189 1219 4259 imperatorem,
1233 4193 1312 4245 edita
1325 4193 1352 4246 in
1363 4195 1420 4246 Act.
1433 4195 1486 4256 88,
1496 4195 1530 4247 ad

306 4287 332 4342 ὰ
345 4288 373 4342 11
387 4287 454 4353 Oct,
466 4291 533 4340 tom.
544 4287 575 4351 ll,
584 4302 610 4354 p.
619 4286 742 4350 aso-58&
755 4285 858 4340 scilicet
870 4302 944 4340 num.
957 4286 1027 4340 9-13.

404 4409 444 4480 9⁰
468 4403 598 4479 Passio
613 4409 752 4477 sauctae
765 4401 864 4477 Fidis
877 4403 1029 4496 virginis
1042 4411 1078 4478 et
1093 4406 1268 4498 martyris
1285 4406 1431 4497 Christi,
1446 4431 1530 4499 qnae

452 4527 509 4595 est
525 4519 640 4613 pridie
657 4518 783 4591 Nonas
800 4519 969 4592 Octobris
987 4520 1064 4611 (iol.
1087 4522 1250 4616 18”-90”).

340 4660 417 4714 Edita
429 4660 458 4714 in
471 4662 527 4714 Act.
539 4659 595 4723 SS,
608 4657 643 4711 ad
655 4656 680 4710 d.
690 4657 723 4711 90
734 4655 801 4722 Oet,
809 4660 875 4710 tom.
884 4656 953 4723 Vlll,
965 4675 990 4727 p.
1002 4657 1120 4712 893-895.
