3270 5400
310 299 383 375 466
642 320 769 372 carii.
795 319 899 399 corn.
924 318 1201 371 HaaiocitAPHic.

556 615 765 725 Appendix
790 618 840 703 ad
865 616 948 704 cod.
974 618 1021 705 D.
1049 616 1172 704 Phill.
1201 617 1291 705 372.

497 871 535 915 us
555 869 580 916 s.
602 870 762 916 vmonnrro
784 871 925 917 uiacouo.
953 852 1032 935 (Gir.
1054 873 1128 935 pag.
1150 872 1257 936 praec,
1280 853 1359 935 ita)

538 1053 666 1126 Incipit
686 1056 855 1126 prologus
876 1054 1091 1128 subscriptae
1113 1055 1313 1116 relationis.

344 1244 480 1313 Principia
493 1244 653 1314 subscripta
665 1246 806 1302 relationis
824 1248 858 1302 de
869 1248 943 1302 beati
960 1247 1095 1301 Vincentii
1108 1246 1201 1302 invicti
1220 1250 1348 1318 martyris
1359 1255 1472 1319 sumpta
1483 1256 1543 1305 sunt

312 1344 446 1413 passione.
457 1344 605 1412 Sequentia
616 1361 682 1400 vero
692 1347 726 1400 de
738 1363 832 1416 regum
844 1347 1020 1412 Francorum,
1032 1348 1080 1415 qui
1092 1347 1241 1416 llerovinyi
1253 1347 1320 1403 dieti
1331 1353 1406 1415 sunt,
1418 1355 1543 1420 excerpta

312 1443 376 1494 sunt
390 1440 512 1495 historia.
533 1441 651 1510 Reliqua
670 1449 763 1498 autem
782 1461 844 1513 qnae
864 1445 898 1499 de
914 1445 989 1498 beati
1006 1444 1134 1513 martyris
1150 1444 1308 1499 scribuntur
1325 1446 1506 1502 translatione
1518 1455 1542 1502 et

312 1540 432 1593 secunda
444 1539 626 1594 tumulatione
639 1551 684 1603 ex
698 1551 761 1602 ore
773 1528 841 1601 viri
855 1528 1075 1603 venerabilis
1088 1533 1125 1603 et
1137 1535 1216 1602 tam
1228 1529 1408 1623 religione
1420 1532 1543 1606 divina
1558 1553 1570 1601 e

312 1667 427 1739 quam
456 1647 579 1721 carnis
608 1644 782 1739 prosapia
811 1643 1001 1718 reverendi
1031 1644 1201 1718 Femaldi
1228 1645 1455 1739 audivimus,
1482 1648 1543 1740 qui

157 1786 209 1813 ··
312 1767 401 1834 tunc
415 1761 453 1834 in
467 1763 596 1836 eadem
610 1760 828 1834 morabatur
840 1758 961 1853 patria
974 1764 1010 1834 et
1021 1759 1188 1853 ejusdem
1201 1759 1377 1854 episcopii
1390 1763 1431 1836 in
1444 1763 1542 1856 qua*

313 1875 444 1949 beatus
461 1880 604 1969 martyr
620 1876 824 1949 translatus
841 1880 897 1949 esi
915 1874 1196 1949 archidiaconus
1213 1876 1346 1951 iuerat.

307 2177 308 2180 Ἴ
424 2107 566 2168 Relatio
587 2111 631 2169 de
652 2109 889 2168 translatione
911 2107 1027 2168 sancti
1048 2106 1223 2167 vincentii
1244 2107 1436 2179 martyris.

359 2302 390 2356 1.
415 2300 483 2354 Cum
504 2299 600 2354 beatus
623 2304 650 2354 et
670 2298 787 2354 invictus
810 2301 913 2365 martyr
938 2297 1098 2352 Vincentius
1123 2297 1174 2351 suh
1198 2297 1320 2352 Deciano
1350 2297 1542 2367 Hispaniarum
1559 2309 1581 2354 tt

313 2400 427 2470 praeside
439 2399 547 2454 diversa
565 2402 764 2454 tormentorum
777 2415 877 2468 genera
896 2410 945 2467 per
963 2397 1162 2452 inhabitantem
1176 2397 1204 2452 in
1221 2414 1251 2452 se
1268 2398 1402 2468 Spiritum
1421 2406 1541 2456 sanctum

313 2500 395 2554 corde
407 2503 434 2553 et
443 2499 535 2554 animo
548 2499 676 2553 robustus
693 2498 870 2567 corporaliter
885 2497 967 2552 etiam
979 2502 1141 2566 superasset,
1150 2502 1181 2551 ut
1189 2498 1225 2551 ad
1237 2497 1352 2567 pristina
1365 2515 1465 2569 corpus
1476 2499 1542 2554 lace-

313 2615 374 2652 rum
387 2604 558 2668 repararetur
575 2597 717 2667 supplicia,
735 2598 808 2667 quod
823 2597 915 2652 nullus
934 2601 1112 2666 tyrannorum
1133 2597 1161 2651 iu
1182 2596 1368 2652 anterioribus
1388 2604 1541 2653 sauctorum

311 2697 394 2767 gestis
406 2697 502 2752 iecisse
511 2697 615 2766 legitur,
625 2698 703 2764 iussu
715 2696 822 2764 tyranni
835 2696 863 2750 in
872 2697 972 2751 lectulo
984 2696 1104 2751 molliori
1114 2695 1266 2765 deponitur.
1275 2696 1330 2751 Sed
1339 2697 1416 2752 Deus
1425 2699 1541 2768 omnipo

312 2799 373 2849 teus
383 2797 410 2849 in
420 2801 596 2865 suomartyre
606 2811 684 2850 suam
696 2795 816 2851 ostendit
828 2796 1065 2864 omnipotentiam.
1076 2794 1146 2848 Nam
1155 2795 1263 2864 tyranni
1275 2795 1461 2866 excogitatam
1473 2797 1541 2851 mali·
1556 2801 1579 2848 tt

314 2894 380 2948 tiam
399 2896 532 2950 convertit
552 2897 582 2950 in
602 2897 696 2949 invicti
714 2897 841 2964 martyris
860 2895 971 2950 laudem
991 2899 1019 2948 et
1041 2894 1166 2965 gloriam.
1187 2893 1257 2948 Nam
1285 2895 1321 2949 de
1341 2896 1415 2950 lecto
1435 2896 1541 2951 Deciani

314 2995 462 3049 assumitur
479 2995 546 3049 etin
557 3011 667 3049 amoeuo
680 2994 739 3049 caeli
750 2995 883 3064 paradyso
901 2995 1061 3049 collocatur.
1078 2994 1114 3047 At
1131 3009 1232 3063 praeses
1249 2995 1375 3060 insanus,
1386 2997 1435 3064 qui
1455 2997 1541 3051 rivum

314 3091 422 3146 vincere
432 3108 488 3147 non
496 3094 592 3161 potuit,
604 3099 744 3148 mortuum
758 3111 787 3148 se
800 3110 880 3162 posse
892 3093 1001 3147 vincere
1014 3093 1126 3147 insanus
1137 3092 1294 3148 adunavit.
1306 3093 1464 3162 Proiectum
1475 3096 1541 3150 euin

313 3192 440 3259 martyris
451 3208 549 3261 corpus
566 3194 636 3262 lupis
649 3199 676 3248 et
694 3193 816 3257 canibus,
829 3209 902 3247 novo
922 3192 1056 3246 miraculo
1069 3197 1097 3246 et
1108 3191 1239 3258 inaudito,
1252 3208 1269 3246 a
1286 3192 1379 3247 corvis
1391 3195 1541 3264 protegitur.

313 3288 445 3358 Deinceps
457 3289 563 3345 malitia
574 3291 704 3360 principis
717 3291 742 3346 ei
755 3291 923 3361 sepulturam
942 3291 1058 3359 denegat
1070 3294 1099 3345 et
1109 3289 1137 3345 iu
1154 3289 1210 3344 alto
1222 3290 1293 3345 mari
1303 3289 1386 3360 jubet
1402 3293 1540 3362 submergi,
1554 3291 1577 3339 2⁰

314 3390 344 3440 ut
354 3387 468 3441 marinis
477 3388 565 3443 beluis
574 3390 652 3444 tieret
663 3404 733 3443 esca.
745 3389 799 3444 Sed
807 3389 956 3443 altissimus
967 3387 1092 3458 provisor
1102 3386 1149 3457 qul
1158 3402 1222 3442 eum
1231 3388 1260 3442 in
1269 3392 1344 3443 terra
1353 3407 1371 3445 a
1380 3390 1540 3460 lapiscusto

313 3483 382 3538 divit
393 3489 421 3539 et
432 3485 536 3550 avibus,
548 3488 606 3557 ipse
617 3489 739 3542 servavit
751 3505 813 3542 eum
824 3505 840 3542 a
853 3487 966 3541 marinis
981 3487 1108 3556 piscibus.
1120 3487 1190 3541 Cum
1205 3486 1286 3556 igitur
1301 3502 1405 3557 corpus
1416 3489 1540 3544 maisi

314 3601 391 3639 mum
409 3585 496 3639 multa
513 3591 711 3642 transnatasset
731 3588 827 3653 maria,
847 3587 958 3642 tandem
975 3585 1100 3656 angelico
1117 3585 1202 3641 ductu
1219 3586 1343 3641 delatum
1361 3593 1406 3643 est
1424 3589 1452 3644 in
1469 3592 1540 3659 portu

313 3683 390 3737 urbis
401 3684 541 3749 Valentia,
553 3686 583 3740 in
595 3703 649 3756 qua
660 3704 757 3756 passus
775 3687 873 3742 iuerat.
890 3687 931 3741 lbi
946 3687 1025 3754 juxta
1041 3684 1106 3740 litus
1124 3685 1207 3738 maris
1226 3700 1244 3739 a
1264 3685 1432 3742 christicolis
1451 3702 1539 3757 corpus

314 3782 518 3836 sanctissimum
538 3785 684 3853 sepultura
702 3786 818 3840 traditur
835 3790 863 3839 et
880 3801 961 3854 super
978 3801 1042 3839 eum
1060 3799 1146 3853 parra
1164 3782 1279 3839 basilica
1296 3786 1472 3842 construitur.
1487 3782 1574 3840 uois

314 3881 388 3933 enim
397 3881 444 3935 illo
455 3883 482 3935 in
493 3887 617 3952 tempore
633 3901 761 3954 magnam
774 3887 901 3953 poteraut
914 3884 1057 3948 aedificare,
1072 3898 1242 3952 paganorum
1255 3885 1448 3952 persecutione
1459 3883 1538 3956 prohi-

140 3979 155 4009 *
164 3981 246 4045 prius
314 3977 405 4032 hante.
417 3979 448 4033 ln
460 3979 513 4035 hac
523 3981 634 4036 basilica
644 3999 692 4052 per
701 3982 894 4052 octuagintos'
903 3997 991 4037 annos
999 3997 1097 4050 corpus
1105 3986 1311 4037 sacrosanctum
1320 3984 1456 4054 requierit
1464 3999 1538 4053 usquc

110 4049 270 4114 ‘mmmmm'
314 4076 349 4130 ad
361 4082 486 4146 tempora
495 4080 636 4136 Aldeionsi
649 4083 719 4151 regis
728 4081 937 4151 Portuyaleusis.

356 4172 390 4228 2.
415 4171 620 4243 cesaraugusta
633 4176 728 4230 civitas
740 4193 794 4245 quo
808 4180 939 4244 tempore,
952 4192 1007 4242 quo
1020 4174 1118 4228 beatus
1129 4187 1225 4243 passim
1237 4178 1279 4228 est
1292 4174 1459 4241 Vincentius,
1471 4191 1536 4245 pays·

314 4272 357 4326 nis
377 4275 436 4326 erat
452 4272 584 4339 subiecta.
601 4272 681 4325 Anno
700 4271 810 4325 Domini
831 4270 1052 4339 quingentesimo
1072 4269 1284 4339 quadragesimo
1305 4272 1389 4326 tertio
1411 4269 1570 4326 Cloihariutt

315 4388 377 4438 rege
389 4373 427 4438 (i)
440 4372 606 4424 Francorum
620 4372 717 4439 atejus
730 4372 813 4424 tratre
825 4370 1002 4424 Ghildeberto
1020 4373 1063 4422 est
1074 4369 1194 4434 obsessa,
1207 4369 1235 4423 in
1257 4383 1314 4437 qua
1326 4369 1424 4425 beatius
1435 4370 1535 4424 Vinctu-

316 4472 369 4524 tius
382 4470 593 4523 archidiaconus
610 4471 706 4524 tuerat.
725 4446 813 4536 Quam
832 4486 894 4524 cum
916 4468 1012 4522 Franci
1033 4467 1147 4521 viriliter
1166 4473 1364 4536 expugnarent,
1382 4469 1536 4523 habitatores

349 4669 385 4730 (i)
396 4667 461 4719 Vide
475 4670 530 4719 Act.
542 4668 595 4730 SS.,
607 4674 671 4719 tom.
684 4667 708 4719 ll
720 4668 786 4731 lam,
799 4684 823 4734 p.
833 4666 890 4718 398.
