3270 5400
672 355 797 407 CATAL.
824 356 927 408 CODD.
954 357 1229 409 HAGIOGRAPHIC.

755 566 862 626 Aliud
883 569 1144 638 argumentum.

634 757 733 811 Coelica
744 759 915 813 multimodis
925 775 1008 826 quam
1021 759 1095 811 curia
1104 757 1223 810 concinit
1235 756 1301 820 odis,

567 852 622 905 Nos
635 853 717 906 nimis
730 853 854 922 indignos
864 860 1022 923 reputamus
1033 854 1067 907 ad
1077 853 1149 908 illius
1160 854 1286 921 hymnos.

567 952 600 1004 Et
613 956 704 1005 tamen
714 951 894 1021 Omnipotens
906 954 1049 1006 hominum
1060 968 1115 1005 non
1127 952 1379 1019 spernithonorem

567 1051 634 1104 Cum
647 1057 740 1120 pateat
752 1058 876 1106 nostrum
888 1053 940 1106 sibi
951 1053 989 1106 nil
1001 1054 1124 1105 conterre
1136 1052 1269 1105 favorem.

566 1149 618 1203 Sed
630 1151 709 1204 nobis
719 1152 814 1205 crescit
825 1153 952 1205 meritum
967 1151 1103 1205 laudando
1113 1151 1216 1213 beatos,

567 1249 641 1315 Quos
651 1250 709 1316 jam
723 1251 824 1304 coelesti
834 1252 1012 1320 cognovimus
1021 1267 1082 1303 arce
1092 1250 1203 1302 locatos.

564 1348 594 1401 ln
607 1348 773 1402 blarelendis
785 1349 822 1402 sic
832 1349 912 1403 laude
921 1350 1030 1403 studere
1040 1348 1169 1410 volentes,

564 1447 725 1500 Proficimus
736 1449 816 1501 nobis
826 1450 885 1516 ejus
894 1449 1021 1502 meritum
1032 1448 1190 1501 recolentes.

563 1545 627 1597 Hac
636 1562 731 1598 comes
743 1552 783 1599 est
796 1546 856 1609 illis,
868 1547 967 1615 duplici
977 1563 1039 1615 quae
1051 1551 1124 1598 sorte
1137 1545 1223 1598 beatae

564 1644 683 1712 Martyrii
696 1645 816 1712 palmam
829 1646 959 1699 decorant
971 1661 1080 1714 quoque
1092 1645 1254 1712 virginitate.

566 1743 722 1810 despiciens
734 1761 873 1812 sponsum,
886 1745 939 1797 cito
949 1760 1030 1812 quem
1042 1745 1119 1797 novit
1128 1744 1300 1805 moriturum,

565 1841 635 1894 Huic
647 1859 676 1895 se
686 1843 797 1895 devovit
808 1860 890 1909 quoru
903 1843 956 1896 tine
965 1843 1063 1911 probat
1075 1842 1230 1894 cariturum.

565 1942 599 1993 So
612 1943 808 2008 praecedentem
820 1943 941 2010 gaudens
952 1941 1099 1995 comitetur
1109 1945 1141 1994 ut
1152 1941 1268 2008 Agnum,

565 2039 600 2091 Ut
609 2039 724 2093 nimium
735 2041 843 2093 tardum
857 2045 937 2093 vocat
949 2042 975 2093 in
988 2057 1038 2093 sua
1048 2044 1113 2093 vota
1122 2044 1275 2107 tyrannum.

565 2137 644 2202 Quod
654 2139 728 2206 prius
738 2139 894 2200 abstulerat,
903 2139 995 2192 lumen
1005 2141 1139 2191 restaurat
1148 2137 1249 2205 iniquo,

563 2235 675 2288 Munera
688 2237 755 2290 dans
766 2237 917 2304 hostique
929 2237 1093 2289 deberentur
1104 2236 1202 2289 amico.

565 2334 661 2387 Servat
673 2336 833 2388 plaudatum
846 2336 918 2404 quod
931 2335 1060 2388 dilatatur
1072 2335 1099 2387 in
1111 2335 1219 2387 hostem
1233 2353 1239 2386 :

566 2432 664 2501 Diligat
676 2438 705 2486 ut
714 2439 848 2496 naturam,
858 2450 920 2486 cum
931 2438 1023 2486 tamen
1035 2433 1123 2485 oderit
1133 2434 1249 2485 hostem.

378 2634 508 2705 Inetplt
534 2635 657 2705 passio
682 2637 820 2694 sanetae
846 2635 1072 2695 maxelendis
1092 2632 1246 2704 virginis
1267 2635 1304 2693 et
1329 2632 1518 2703 martyris,
1577 2632 1608 2681 2⁰

688 2747 770 2804 qnae
792 2736 848 2793 est
869 2735 954 2792 Idus
975 2734 1199 2793 Novembris.

376 2923 412 2978 4.
437 2924 506 2978 Dum
518 2924 750 2977 intermundanas
759 2924 840 2991 hujus
850 2928 949 2977 nostrae
958 2924 1182 2992 peregrinationis
1190 2924 1407 2992 multiplicesque
1416 2939 1560 2984 aerumnas,

336 3021 519 3089 corruptibilis
530 3020 638 3074 sarcina
656 3020 744 3073 camis
761 3021 909 3073 admodum
922 3021 1027 3088 gravati
1039 3021 1228 3081 consistamus,
1240 3021 1363 3074 mortalis
1375 3021 1437 3073 vitae
1449 3037 1559 3073 cursum

336 3119 395 3173 siue
407 3119 575 3172 admixtione
588 3119 698 3187 peccati,
711 3125 741 3172 ut
752 3125 863 3172 sanctus
875 3119 1014 3187 apostolus
1026 3121 1072 3182 ait,
1083 3135 1256 3188 nequaquam
1271 3119 1417 3188 transigere
1430 3120 1560 3173 valemus.

336 3218 388 3271 Sed
398 3223 491 3271 tamen
503 3218 537 3271 ad
550 3218 709 3287 quotidiana
721 3222 819 3271 nostrae
831 3218 991 3272 salvationis
1003 3220 1170 3272 incrementa
1186 3218 1244 3271 haec
1256 3219 1337 3272 etiam
1356 3219 1454 3272 divinae
1465 3235 1560 3272 conso·
1577 3222 1608 3270 25

335 3315 445 3370 lationis
457 3315 557 3369 collata
565 3321 628 3369 sunt
637 3316 716 3369 nobis
728 3316 866 3380 beneficia,
878 3321 916 3377 ut,
933 3322 1088 3370 sanctorum
1102 3321 1130 3369 et
1146 3323 1301 3370 sanctarum
1314 3322 1464 3385 martyrum
1478 3317 1559 3371 inter·

335 3415 504 3469 cessionibus
516 3432 567 3469 nos
585 3416 715 3470 attentius
732 3416 963 3477 commendantes
976 3432 1071 3469 eorum
1081 3416 1209 3483 suffragia
1226 3416 1337 3485 adipisci
1349 3417 1470 3470 nitamur
1478 3437 1485 3478 ;
1495 3434 1560 3485 qua·

336 3512 409 3566 tinus
421 3530 531 3582 precum
544 3519 699 3568 nostrarum
711 3515 884 3582 improbitate
896 3514 1009 3582 fatigati,
1021 3514 1181 3567 accedentes
1193 3515 1319 3580 Domino,
1330 3515 1436 3569 dicant:
1449 3517 1561 3568 Dimitte

335 3628 386 3677 eos,
404 3616 469 3679 quio
481 3615 667 3682 clomoutposl
680 3630 735 3666 nos.
748 3612 918 3682 Quapropter
936 3614 1044 3681 dignam
1062 3613 1251 3666 sacratissima
1268 3613 1379 3681 virginis
1396 3614 1561 3667 Maxelendis

336 3710 507 3773 memoriam,
527 3712 640 3780 ejusque
652 3712 784 3780 insignem
803 3712 937 3765 hodierna
954 3711 1126 3765 solemnitate
1139 3711 1311 3765 recolendam
1330 3713 1484 3781 passionem
1503 3719 1560 3768 tam
1579 3715 1609 3766 30

336 3809 426 3862 cordis
437 3826 521 3878 quam
534 3811 655 3879 eorporis
667 3810 778 3864 auribus
790 3810 978 3879 percipientes,
987 3815 1069 3863 tanlae
1081 3811 1207 3878 martyris
1219 3810 1272 3865 diei
1285 3811 1354 3865 festo
1367 3813 1466 3865 celebri
1479 3812 1560 3866 dero·

336 3908 410 3961 tione
423 3908 473 3961 rite
483 3908 712 3977 congratulamur.

377 4001 412 4060 5.
437 4003 528 4056 Primo
541 4004 633 4070 itaque
646 4001 794 4056 in'laudem
808 4003 892 4072 ipsius
909 4003 1107 4072 Redemptoris,
1119 4003 1166 4072 qui
1178 4019 1239 4056 eam
1256 4003 1308 4056 sibi
1324 4020 1451 4072 sponsam
1470 4011 1497 4058 et
1509 4007 1561 4061 ele

336 4107 408 4157 ctam
428 4100 544 4164 vocavit,
556 4103 583 4153 et
595 4100 672 4167 cujus
684 4099 782 4153 animae
794 4101 912 4168 speciem
925 4099 1087 4169 concupivit.
1100 4117 1131 4152 os
1143 4100 1319 4167 asperamus,
1331 4101 1443 4169 ejusque
1455 4102 1560 4155 nomini

336 4201 414 4268 cuins
441 4199 529 4269 gratia
550 4198 613 4252 talis
632 4216 664 4252 ae
685 4203 761 4252 tanta
779 4198 850 4252 citici
867 4199 975 4260 meruit,
993 4198 1058 4252 dare
1074 4198 1187 4268 gloriam
1205 4201 1364 4254 studeamus
1382 4200 1561 4268 promodulo
1579 4206 1610 4256 35

336 4304 437 4352 nostra
448 4297 643 4367 possibilitatis,
655 4298 760 4351 Divina
773 4313 892 4365 namque
911 4297 1018 4350 virtutis
1036 4298 1222 4367 operationem
1240 4298 1458 4352 incommutabili
1473 4300 1561 4367 provi-

337 4397 430 4451 dentia
442 4400 516 4450 certa
527 4395 586 4464 lege
598 4401 696 4449 cuncta
705 4400 843 4463 regentem
854 4401 889 4457 et,
901 4399 932 4448 ut
948 4395 1029 4449 tortia
1041 4412 1157 4464 quaque
1174 4397 1335 4465 dispereant,
1347 4396 1454 4449 intirma
1465 4397 1562 4450 mundi

337 4494 482 4562 eligentem
504 4493 549 4546 ilia
567 4494 702 4555 columba,
715 4493 761 4546 illa
773 4494 902 4556 iomiosa,
920 4493 997 4560 cujus
1014 4495 1115 4552 nardus
1133 4494 1244 4548 odorem
1262 4511 1341 4548 suum
1355 4494 1430 4547 dedit
1446 4495 1562 4549 inomni

337 4595 417 4652 terra,
436 4589 482 4643 illa
494 4589 536 4642 sui
548 4591 641 4657 sponsi
654 4594 743 4643 morte
755 4590 896 4658 redempta
913 4589 1032 4643 Ecclesia
1044 4607 1107 4644 vere
1120 4590 1272 4645 mirabilem
1291 4590 1318 4644 in
1335 4592 1436 4644 sanctis
1453 4592 1511 4644 suis
1527 4608 1561 4646 ex

335 4683 482 4752 psalmista
501 4684 534 4737 de
552 4684 595 4737 die
614 4684 641 4738 in
662 4684 735 4737 diem
748 4684 884 4738 collaudat
896 4685 1102 4739 ammonitione.
1119 4685 1187 4739 Nam
1200 4691 1227 4739 et
1245 4703 1292 4740 eos
1309 4687 1388 4754 digne
1405 4688 1562 4754 mirificans,
1579 4696 1611 4749 lo
