3270 5400
235 355 304 428 100
508 415 513 425 .
567 379 693 430 CATAL.
720 379 823 430 CODD.
849 378 1126 431 uuutauuupulc.

230 566 373 618 decorauit.
398 566 535 620 Candores
558 570 628 621 euim
651 570 784 621 solarium
807 571 951 623 radiorum
970 570 1002 622 de
1021 586 1125 636 oencma
1144 571 1231 635 sontis
1250 573 1310 623 cita
1327 573 1465 639 copiosius

229 667 367 732 diluentes
378 675 402 720 et
413 675 512 721 noctem
522 670 633 722 ecelesia
645 672 727 737 quasi
738 672 766 722 in
780 672 894 723 meridie
906 670 1074 722 illustrantes
1086 671 1303 737 interplicubilem
1314 688 1401 723 meam
1407 672 1463 737 ala·

229 767 301 816 riam
313 767 463 832 clesipnant,
475 784 574 820 reecrcou
588 769 738 822 claritatem
757 778 780 822 et
797 771 964 836 emerrdorem
978 770 1093 821 scientie
1109 770 1242 821 diuinitus
1253 769 1323 822 milti
1334 770 1404 823 dota
1410 786 1465 838 per

228 880 311 931 qnam
322 865 451 929 dr'priatue
463 872 500 917 eet
516 866 651 919 Dominus
668 885 747 919 suam
761 869 919 920 illuminare
931 868 1079 921 Ecclesiam
1096 884 1152 921 meo
1164 869 1318 921 ministerio
1329 875 1352 921 et
1364 869 1462 923 labore.

227 962 289 1014 Alii
298 971 386 1015 autem
404 965 508 1030 lapidee
518 967 634 1031 pretiosi
645 974 707 1018 eterit
719 967 786 1018 libri
797 968 878 1018 nculti
889 974 912 1019 et
924 983 1005 1033 opera
1018 969 1160 1033 scriptura
1175 982 1244 1032 terea,
1257 983 1316 1035 qna
1326 969 1365 1021 ad
1372 970 1461 1034 defen·
1476 972 1491 1021 δ

226 1061 328 1112 sionem
343 1062 409 1125 fidei
419 1070 442 1113 et
454 1063 662 1114 declarationem
674 1065 771 1117 diviua
783 1067 921 1130 sapientia
932 1081 978 1129 epo
996 1067 1054 1132 ipse
1063 1067 1208 1132 composui.
1224 1066 1270 1131 Et,
1282 1069 1352 1119 sicut
1366 1069 1393 1119 in
1407 1070 1461 1120 etta

226 1161 337 1212 mortali
344 1163 433 1212 viretis
446 1163 542 1214 rnrcttoe
551 1163 583 1214 de
592 1164 708 1215 tenebris
718 1166 877 1228 ipnorautia
886 1165 923 1215 nd
931 1166 1021 1216 tuorem
1032 1166 1153 1217 eeritotie
1162 1172 1186 1217 et
1194 1167 1356 1231 counitionis
1365 1168 1462 1221 dirinae

226 1258 316 1321 eduxi,
328 1259 459 1310 sicaltins
468 1260 505 1310 ad
514 1276 598 1311 ericum
609 1261 726 1326 plurium
739 1262 932 1313 cccrmdundam
943 1262 1052 1313 ‹tonarit
1061 1261 1130 1312 milri
1138 1278 1185 1314 eea
1193 1262 1283 1313 nritlia
1292 1264 1459 1329 animantia,

225 1362 263 1420 ut,
272 1356 306 1407 ab
318 1359 393 1409 omiti
399 1373 479 1423 poeua
496 1361 654 1423 purpatorii
664 1361 730 1411 meis
739 1361 843 1411 meritis
855 1367 878 1410 et
890 1360 1035 1425 eteffrupiie
1047 1359 1172 1421 liberata,
1183 1361 1220 1411 ud
1230 1366 1368 1427 capenum
1379 1377 1459 1413 eurum

225 1471 266 1507 ure
275 1456 433 1508 deducerent
443 1473 502 1507 cum
513 1457 605 1508 latitia
620 1458 809 1510 inenarrabili.
823 1457 856 1509 Et
870 1458 928 1510 hae
941 1457 1042 1520 dicens,
1055 1456 1195 1526 disparuit
1474 1464 1496 1514 tt

586 1657 777 1718 Revelatio
799 1654 846 1718 de
866 1660 985 1730 gloria
1005 1660 1094 1731 etus.

268 1865 335 1922 10.·
350 1867 412 1920 uun
424 1866 452 1919 in
464 1864 591 1919 Treveris
608 1867 735 1934 quiedam
754 1866 854 1921 nobilis
873 1868 975 1921 sentina
993 1868 1027 1920 de
1047 1866 1111 1920 villa
1128 1867 1300 1936 Serbringus,
1317 1868 1455 1936 usquead

224 1965 441 2033 octuagesimum
455 1962 517 2015 vitae
529 1978 585 2015 snae
598 1978 701 2015 annum
716 1963 743 2016 in
756 1965 880 2017 castitate
893 1969 920 2017 et
931 1963 1089 2018 innocentia
1107 1964 1165 2017 Deo
1177 1964 1310 2017 serviens.
1321 1963 1454 2032 Opinione

223 2063 339 2116 celebris
356 2062 517 2115 habebatur.
530 2060 595 2113 Haec
607 2061 812 2129 quintodecimo
824 2064 869 2116 die
881 2068 943 2131 post
955 2067 1073 2116 mortem
1086 2062 1258 2117 Theoderico
1270 2067 1375 2127 nostro,
1391 2067 1453 2117 tunc

223 2162 318 2215 lecturi
331 2161 500 2224 Treverensi,
514 2162 572 2215 viro
591 2178 753 2230 magnarum
766 2163 909 2224 virtutum,
921 2162 964 2216 cui
981 2161 1063 2215 salita
1075 2162 1165 2215 iuerat
1176 2160 1310 2227 confiteri,
1322 2162 1358 2215 ad
1371 2161 1486 2232 pulpiti

223 2263 282 2312 turn
295 2260 323 2312 in
332 2275 383 2313 suo
396 2258 525 2313 residenti
536 2259 678 2313 visibiliter
687 2259 819 2328 apparuit,
828 2259 944 2313 dulciter
954 2260 1043 2328 ipsum
1054 2259 1208 2320 salutando,
1216 2258 1342 2328 dixitque
1351 2259 1453 2315 illude

219 2366 300 2425 parte
312 2361 364 2412 Dei
375 2361 458 2412 missa
470 2375 531 2411 eum
543 2360 580 2411 ad
588 2367 620 2423 tc,
632 2366 662 2411 nt
680 2360 712 2411 de
724 2359 804 2411 rebus
815 2375 933 2425 quarum
945 2361 1131 2411 certitudinem
1150 2360 1261 2425 affcdas
1272 2366 1297 2412 te
1309 2362 1453 2426 certificent

222 2457 300 2511 Tunc
317 2458 403 2511 lector
420 2458 477 2511 ait:
497 2460 608 2524 Qualem
628 2460 709 2511 citam
723 2459 808 2522 ducis,
829 2460 993 2512 domicella?
1009 2456 1076 2524 Quae
1088 2457 1245 2526 respondit:
1264 2459 1300 2511 lu
1316 2467 1453 2527 eonepoem

221 2574 282 2610 enm
293 2566 390 2610 sancta
405 2558 551 2610 Trinitatis
562 2565 663 2610 sterria
673 2558 848 2610 beatitudinis
860 2559 987 2625 arcictuta.
994 2557 1026 2611 Et
1034 2558 1133 2611 iterum
1143 2557 1182 2611 ait
1190 2576 1199 2611 :
1206 2558 1286 2611 hbui·
1291 2562 1457 2626 manistram

221 2656 362 2708 Albertum
382 2656 521 2720 dinanum,
540 2656 657 2720 fratrem
677 2656 766 2707 rcoetri
788 2654 902 2707 Ordinis
925 2656 1205 2723 Praedicator·um,qni
1228 2672 1317 2723 nrcper
1339 2658 1456 2710 obiitin
1478 2658 1496 2709 1

222 2754 333 2807 Colonia
344 2758 358 2806 t
370 2754 403 2806 Et
415 2752 556 2821 respondit
567 2752 712 2806 domicella
724 2772 731 2805 :
743 2754 828 2806 Illum
840 2756 938 2820 optime
949 2757 1017 2807 traci.
1030 2754 1063 2806 Et
1074 2758 1168 2807 noster
1179 2753 1368 2809 Theodericus
1380 2775 1387 2809 :
1403 2757 1461 2811 titi

220 2856 281 2906 celi?
292 2853 325 2905 Et
339 2851 384 2904 illa
396 2852 476 2905 dicit:
492 2852 599 2905 Gaudet
608 2853 701 2905 latitia
714 2853 896 2905 inenarrabili
908 2854 984 2905 ruldc
992 2854 1068 2917 lonae
1079 2870 1165 2920 stupra
1179 2870 1236 2907 noa
1246 2851 1354 2919 Quibus
1365 2855 1461 2917 unis,

220 2949 359 3019 disparuit.

685 3136 769 3195 Alia
790 3134 978 3195 revelatio.

262 3342 316 3397 11.
341 3341 453 3410 Legitur
463 3340 569 3394 iniibra
579 3340 675 3409 quinto
685 3344 842 3393 sanctorum
852 3339 1451 3412 FratrumPraedicetorurn,eapituloquarto‚
1474 3340 1496 3388 2

216 3437 743 3509 quadTheutocaquaeda111,abbatissa
761 3436 947 3489 cisterciensis
964 3436 1083 3500 Ordinis,
1101 3435 1166 3490 iecit
1183 3453 1232 3505 per
1248 3454 1279 3491 se
1296 3444 1325 3493 et
1340 3452 1448 3494 sorores

214 3554 279 3592 suas
291 3538 392 3592 multas
405 3537 543 3590 orationes
552 3552 601 3605 pro
611 3536 725 3589 Alberto
737 3535 846 3589 noviter
858 3534 997 3600 defuncto,
1006 3550 1039 3588 eo
1051 3534 1124 3604 qued
1138 3535 1233 3589 vivens
1245 3537 1401 3606 frequenter
1409 3534 1443 3592 ad

215 3638 319 3691 honum
332 3654 379 3690 eas
392 3636 548 3690 inducebat.
565 3634 692 3701 Quadam
705 3651 786 3688 mane
798 3650 861 3687 curn
877 3633 950 3687 dicta
961 3634 1099 3687 abbatissa
1110 3634 1253 3703 paululum
1266 3636 1440 3693 obdormitis·

167 3726 172 3733 ’
213 3741 265 3800 set,
276 3737 344 3790 ridit
356 3752 420 3789 eum
430 3739 493 3788 ante
506 3735 593 3788 altare
605 3738 732 3802 paratum
751 3737 780 3786 ut
798 3733 900 3801 popula
918 3733 1085 3802 predicaret,
1095 3733 1143 3787 sed
1154 3733 1182 3786 in
1194 3750 1258 3788 aere
1274 3740 1405 3799 alumenu
1414 3738 1434 3789 et

213 3840 308 3889 sancta
321 3836 423 3889 lentina
432 3850 488 3902 prae
498 3834 596 3886 timore
610 3833 762 3887 clamabat:
774 3834 876 3886 Frater
887 3834 1015 3887 Alterius
1026 3835 1109 3898 cada,
1118 3835 1185 3901 quia
1192 3836 1379 3900 fulcimentum
1391 3852 1434 3889 uon
1445 3828 1496 3883 3⁴

213 3937 297 3988 labet.
314 3934 363 3988 Cui
380 3937 474 3986 astam
491 3932 617 4001 quiedam
637 3948 754 4001 persana
770 3932 929 3995 reverenda,
946 3931 1003 3985 ait:
1020 3932 1122 3985 Frater
1140 3934 1191 3985 iste
1207 3935 1383 4000 confirmatur
1396 3940 1432 3997 ut,

213 4042 237 4087 ct
254 4036 373 4101 amplius
384 4035 479 4086 eadere
502 4049 556 4085 tion
574 4039 669 4099 potest.
690 4030 767 4084 Tunc
785 4030 833 4083 illa
852 4031 992 4085 consolata
1004 4030 1211 4085 auscultabatur
1222 4048 1285 4101 quae
1296 4040 1431 4104 essetpre·

213 4133 352 4185 dicaturus
361 4151 368 4194 ;
378 4136 404 4184 et
413 4132 452 4184 ait
462 4151 468 4186 ι
477 4133 511 4183 ln
519 4133 660 4199 principio
671 4138 729 4183 erat
747 4130 870 4196 l'erbum,
882 4134 941 4195 etc„
950 4146 1038 4197 usque
1047 4130 1083 4183 ad
1090 4132 1200 4197 plurium
1207 4134 1337 4197 aratiuet
1349 4135 1432 4187 aeritu-

211 4233 248 4285 tie
255 4250 266 4295 ;
278 4230 427 4298 statimque
442 4228 585 4297 subjunxit
597 4248 603 4282 :
613 4230 651 4281 Et
661 4230 715 4282 iaec
726 4245 771 4295 epo
784 4231 841 4281 ridi
849 4231 934 4282 oculis
946 4232 1019 4282 neeis.

345 4431 511 4503 Qualtter
532 4444 662 4502 eorpus
682 4430 761 4501 aas
781 4429 818 4488 tn
839 4429 1004 4501 sepulcra
1025 4428 1311 4504 satraparum.
1443 4408 1496 4477 ⁸³

106 4686 114 4698 ⁶
151 4627 179 4699 ,ξ
254 4620 309 4678 12.
334 4624 566 4691 Longotempore
580 4627 643 4692 post
659 4588 1053 4691 sepulturamdarnnihlberti
1071 4621 1170 4675 iratres
1188 4622 1432 4693 devotionisgratia

105 4702 157 4787 2'3'·
171 4719 392 4799 {requisierunt
403 4718 572 4788 sepulturam
586 4720 654 4788 ejus.
662 4719 819 4787 apertoque
831 4718 1040 4785 sepulcratantu
1048 4718 1111 4771 inde
1123 4718 1270 4788 fragrantis
1279 4720 1370 4774 odoris
1377 4734 1432 4773 suu·
