3270 5400
389 378 482 431 aran.
499 378 580 432 ara.
599 379 770 432 nanuum.
789 401 836 411 —
854 379 1001 432 earcuo.
1020 379 1066 431 ao
1084 380 1163 432 con.
1182 372 1219 432 ιιο
1234 377 1311 434 aler.
1417 359 1464 434 55

237 583 301 622 narn
318 566 371 622 sibi
384 568 532 622 immanem
545 568 681 635 fabricari,
692 570 771 638 cuius
787 574 918 639 appetens
933 570 1053 639 pondere
1064 569 1150 624 nimio
1161 570 1276 639 gravmi,
1288 587 1321 624 ea
1338 587 1367 624 se
1379 571 1464 626 artius

236 666 323 721 voluit
334 667 477 736 implicari,
489 673 618 738 reputans
627 669 789 738 condignum
800 669 831 733 si,
841 669 916 722 uelut
927 669 1038 737 spiritus
1046 669 1160 723 internis
1168 669 1331 738 alligabatur
1339 669 1464 735 vinculis,

235 772 372 820 artaretur
390 767 493 836 pariter
508 783 571 821 earo
591 767 686 821 terreas
702 767 849 837 gravedine
860 768 950 821 molis.
962 768 1028 822 lloec
1043 774 1135 822 autern
1148 769 1294 838 derepente
1305 769 1396 824 soluta
1408 770 1464 823 ⁶ab

234 866 356 920 exanimi
366 882 490 935 corpore,
501 873 529 921 et
543 873 705 936 praesentem
717 867 807 921 modis
824 866 938 921 diversis
952 866 1025 921 illico
1037 867 1049 902 ⁶
1060 868 1186 936 praestitit
1198 867 1326 920 virtutem
1344 871 1373 921 et
1389 867 1463 921 dein·

202 973 297 1031 seeps
316 967 442 1032 tempore
462 962 543 1033 longo
563 979 620 1018 non
639 980 724 1018 unam
742 965 753 999 ⁷
770 964 883 1018 indulsit
900 965 1047 1019 sanitatem
1064 965 1084 1018 ⁸.
1100 964 1184 1017 llulta
1206 964 1317 1033 quidem
1335 981 1462 1034 pereum

234 1061 369 1116 Dominus
381 1063 508 1131 dignatus
519 1053 561 1116 est
572 1062 709 1132 magnalia
720 1063 826 1132 operari
837 1064 859 1143 ξ,
880 1063 1013 1118 exhibens
1025 1064 1053 1116 in
1062 1062 1109 1116 illo
1119 1064 1252 1117 virtutum
1261 1079 1371 1117 suarum
1382 1063 1464 1116 bene·

234 1160 304 1227 licia,
320 1178 383 1229 quae
403 1161 469 1216 licet
484 1162 644 1216 hominibus
663 1163 718 1217 sint
734 1162 880 1232 incognita,
900 1163 974 1231 apud
993 1162 1195 1231 Omnipotentis
1211 1167 1304 1216 tamen
1321 1162 1463 1216 scientiam

235 1264 362 1313 tenentur
372 1259 499 1329 ascripta.
511 1262 532 1316 Ε
544 1261 644 1331 quibus
652 1278 703 1316 nos
713 1263 736 1297 ¹⁰
744 1262 823 1332 plura
838 1262 958 1316 vidimus
967 1267 994 1315 et
1006 1261 1161 1316 audivimus
1174 1262 1211 1325 11;
1229 1262 1256 1315 in
1267 1262 1340 1316 votis
1353 1278 1463 1330 quoque

235 1357 349 1426 pleniter
368 1359 393 1392 ¹²
409 1359 514 1428 experti
527 1354 634 1414 sumus.
646 1360 710 1414 Haec
722 1377 773 1414 nos
790 1360 840 1414 etsi
858 1360 1015 1430 frequenter
1027 1360 1156 1414 immeriti
1168 1360 1369 1429 consequimur,
1381 1361 1463 1413 caris-

192 1467 220 1515 io
235 1454 296 1508 simi
322 1454 420 1510 iratres
443 1462 472 1510 et
493 1457 683 1522 amentissimi,
706 1457 818 1527 dignum
843 1463 884 1511 est
906 1463 938 1512 ut
958 1474 1067 1526 semper
1091 1474 1194 1511 nomen
1219 1457 1329 1511 Domini
1352 1456 1463 1511 benedi·

236 1571 340 1609 eamus.

275 1651 333 1711 29.
354 1651 470 1721 Expleta
486 1668 551 1722 ergo
571 1653 687 1708 lldeliter
703 1660 842 1722 gestorum
864 1659 973 1708 tuorum
994 1654 1134 1719 relatione,
1155 1654 1216 1708 lusa
1235 1670 1345 1723 quoque
1364 1671 1463 1724 magna

237 1765 315 1819 super
331 1766 393 1804 earn
405 1767 424 1803 a
434 1750 516 1804 nobis
532 1750 687 1814 devotione,
704 1750 827 1819 pontifex
839 1754 933 1803 sancte
944 1754 971 1803 et
984 1750 1124 1804 consessor
1139 1750 1265 1818 gloriose,
1282 1755 1359 1819 pater
1375 1751 1419 1819 pie
1436 1754 1465 1803 et

237 1854 327 1918 pastor
338 1849 349 1883 ¹
359 1849 469 1914 Amate,
480 1864 622 1902 serrorum
635 1853 746 1903 tuorum
756 1865 851 1918 preces
859 1853 887 1902 et
895 1848 986 1902 officia
998 1849 1140 1917 dignanter
1152 1850 1270 1915 attonde,
1281 1866 1313 1903 ac
1321 1866 1371 1919 pro
1383 1850 1464 1903 nobis

199 1957 225 2006 ts
238 1952 263 2000 et
276 1952 369 2002 nostra
379 1946 470 2001 salute
482 1948 552 2002 lidus
564 1947 717 2001 causidicus
726 1948 841 2001 astando
850 1964 958 2016 semper
969 1948 1041 2016 apud
1053 1947 1200 2001 Dominum
1219 1948 1364 2011 intercede,
1376 1952 1406 2001 ut
1416 1948 1462 2001 hic

239 2050 263 2099 te
278 2046 443 2116 impetrante
455 2047 546 2100 valere
557 2051 585 2100 ct
596 2046 624 2100 in
642 2046 735 2100 tuturo
747 2047 884 2115 possimus
901 2051 990 2100 tecum
1009 2051 1037 2099 et
1054 2064 1116 2100 curu
1134 2047 1236 2100 sanetis
1253 2047 1381 2101 omnibus
1398 2052 1462 2101 ante

240 2159 324 2213 regem
336 2150 364 2198 et
373 2143 517 2198 dominum
528 2149 651 2198 nostrum
662 2143 721 2197 sine
732 2144 787 2198 fine
795 2144 943 2213 gloriantes
955 2145 1077 2199 exultare
1090 2165 1096 2198 ι
1109 2146 1152 2198 cui
1164 2151 1206 2199 est
1218 2147 1244 2200 in
1257 2146 1392 2199 Trinitate
1404 2164 1461 2215 per-

241 2241 311 2305 lecta,
322 2242 370 2296 uui
382 2243 450 2306 Deo,
467 2242 542 2295 Patri
553 2246 580 2296 et
598 2242 666 2295 lilio
684 2247 711 2296 et
727 2242 838 2312 Spiritui
856 2247 961 2309 sancto,
977 2243 1075 2307 honor,
1087 2243 1174 2296 virtus
1185 2248 1213 2297 et
1229 2243 1323 2313 gloria,
1340 2260 1461 2312 regnum,

240 2341 361 2409 majestas
371 2346 400 2394 et
411 2341 612 2410 omnipotentia
623 2357 672 2410 per
683 2341 790 2395 inssuita
797 2341 889 2395 secula
901 2341 1063 2396 seculorum.
1076 2343 1172 2396 Amen.

203 2447 228 2499 tt
274 2438 331 2496 30.
356 2439 435 2493 ttutti
448 2440 515 2507 ¹per
524 2438 706 2506 ignorantiam
720 2443 748 2490 et
759 2438 876 2506 superbo
888 2438 984 2507 spiritu
993 2438 1134 2506 deceptam
1143 2439 1243 2492 ruentis
1252 2439 1460 2494 estimationem

241 2536 362 2591 librorum
379 2535 564 2606 quorumdam
579 2534 671 2587 conati
685 2540 750 2588 suut
764 2551 940 2603 corrumpere
951 2534 1103 2588 veritatem.
1115 2535 1193 2589 Unde
1203 2536 1277 2590 beati
1288 2536 1380 2590 Amati
1390 2543 1461 2592 tran·

241 2638 313 2691 situm
322 2636 418 2690 ldibus
429 2634 596 2704 Septembris
607 2634 643 2688 ab
651 2634 871 2688 antecessoribus
887 2651 937 2702 pro
949 2634 1042 2687 divina
1059 2634 1287 2689 determinatione
1299 2637 1461 2693 determina·

242 2740 299 2799 tum,
315 2737 418 2790 mirum
433 2735 476 2788 vel
490 2734 578 2803 magis
595 2733 814 2803 vituperandum,
823 2739 864 2786 est
881 2734 1049 2802 aStephano
1062 2735 1181 2803 quodam
1195 2752 1225 2789 ιιι
1237 2736 1295 2789 Kal.
1306 2736 1390 2790 Maias
1402 2737 1461 2790 alti-

241 2849 305 2888 rum.
315 2834 464 2889 Sciendum
475 2837 575 2895 tamen,
583 2831 799 2886 Nortlrmanuica
811 2832 963 2900 direptione
975 2837 1003 2885 et
1013 2832 1206 2902 negligentium
1216 2833 1321 2888 incuria
1329 2835 1460 2903 quoniam

202 2940 229 2991 u
241 2930 283 2986 iste
293 2949 368 2987 error
377 2932 417 2986 sic
428 2930 579 3000 praevaluit,
588 2947 638 2984 nos
650 2931 684 2983 ad
693 2929 885 2984 auctoritatem
895 2935 1067 2985 vetustorum
1077 2932 1209 2986 librorum
1219 2934 1342 2987 converti
1352 2934 1460 3000 debere,

240 3031 280 3100 qui
289 3033 361 3101 apud
372 3031 506 3085 Sanctum
515 3029 674 3084 lledardum
686 3033 713 3084 et
722 3030 750 3084 in
759 3029 872 3084 archivo
888 3035 983 3085 nostro
995 3036 1077 3099 atque
1089 3032 1240 3085 multorum
1253 3032 1360 3087 scriniis
1371 3049 1460 3088 coeno·

241 3129 339 3185 tiorum
351 3130 540 3185 inueniuntur.

274 3515 333 3582 8*.
351 3524 406 3578 Sed
420 3523 495 3578 inter
513 3521 637 3577 eundum
649 3524 737 3592 gratia
749 3523 774 3577 ei
793 3523 922 3593 spiritalis
933 3540 989 3577 non
1001 3524 1096 3588 detuit,
1111 3525 1200 3578 necin
1213 3541 1319 3592 eoquae
1337 3525 1460 3579 lecerat*
1561 3575 1567 3588 ,

242 3621 319 3688 potuit
335 3621 471 3675 sauctitas
483 3619 565 3673 celari
577 3639 584 3673 ε
596 3620 635 3673 ita
646 3620 719 3673 enirn
732 3620 760 3674 in
772 3621 864 3675 verbis
876 3621 935 3688 ejus
947 3625 974 3674 et
986 3621 1091 3674 actibus
1108 3621 1207 3674 divinae
1219 3622 1369 3675 dulcedinis
1381 3623 1460 3691 copia

206 3722 391 3785 ttabundavit
402 3726 435 3775 ut
446 3720 587 3775 ductorem
604 3737 685 3775 suum
703 3725 731 3774 et
742 3721 871 3775 comitem
887 3720 1001 3785 itineris,
1013 3725 1137 3774 sanctum
1150 3722 1333 3783 Mauruntum‚
1346 3723 1381 3776 ad
1396 3739 1459 3776 con·

243 3823 366 3890 temptum
389 3820 431 3874 rei
451 3819 581 3873 secularis
604 3819 691 3888 magis
713 3819 883 3885 accenderet,
902 3824 930 3872 et
950 3820 985 3872 ad
1005 3836 1127 3873 amorem
1149 3819 1265 3874 roelestis
1285 3820 1378 3889 patriae
1398 3820 1460 3890 plus

244 4000 288 4039 ·-⁸
298 4006 336 4056 tto
346 4003 370 4067 3,
382 4003 411 4065 ὣς
424 4002 518 4055 suluta
530 4003 552 4054 1.
568 4030 596 4039 -
610 4001 623 4036 ⁸
640 4018 690 4054 om.
702 4001 726 4054 3.
741 4029 770 4039 -
783 4001 794 4035 ⁷
807 4001 843 4067 (n.
856 4000 893 4065 u.)
905 3999 1038 4067 plurimas
1049 4001 1072 4053 3.
1084 4029 1115 4038 -
1128 4001 1140 4035 ⁸
1151 4002 1290 4065 sanitates
1302 4002 1337 4055 ad
1348 4003 1458 4058 laudem

247 4082 344 4139 llomini
355 4084 443 4138 nostri
453 4085 518 4138 lesu
531 4083 641 4149 Christi,
652 4083 700 4152 qui
712 4084 781 4137 vivit
792 4088 820 4137 et
834 4089 930 4151 regnat
941 4083 1014 4136 Deus
1026 4099 1075 4151 per
1086 4083 1180 4136 omnia
1191 4085 1283 4138 secula
1294 4086 1460 4142 seculorum.

247 4165 329 4221 bueo.
338 4169 383 4221 Ito
393 4171 419 4233 3,
427 4169 477 4235 qut
487 4169 527 4220 sic
542 4168 649 4219 desinit.
658 4192 689 4204 -
702 4166 769 4232 ο(ιιι.
779 4165 815 4229 ο.)
832 4181 903 4218 0.1n.
918 4165 941 4218 4.
953 4194 982 4202 -
996 4165 1020 4198 ¹⁰
1031 4181 1142 4234 quoque
1154 4167 1217 4219 add.
1228 4165 1253 4218 t.
1265 4193 1295 4203 -
1310 4167 1332 4199 ¹¹
1343 4166 1460 4235 pleniter

247 4250 298 4302 edd.
308 4250 332 4303 t.
340 4278 373 4287 -
386 4249 410 4283 ¹²
421 4266 473 4303 om.
481 4249 506 4302 l.

272 4328 340 4385 llum
350 4329 391 4384 29.
403 4361 436 4372 -
449 4330 459 4365 ¹
471 4330 598 4385 amabilis
609 4333 671 4383 add.
683 4331 708 4385 t.

272 4411 340 4469 lum
350 4413 392 4468 30.
403 4444 437 4454 -
449 4415 459 4450 ¹
469 4417 513 4468 hic
527 4434 598 4469 nunt.
611 4419 710 4483 legitur
722 4419 752 4469 ιἰι
763 4418 819 4469 solo
832 4419 854 4468 1.

274 4578 380 4635 ‘'lextu
391 4581 479 4635 codd
492 4580 605 4635 omuino
618 4582 653 4635 ab
666 4580 725 4634 aliis
737 4581 908 4649 discrepante
924 4584 952 4633 et
968 4580 1114 4634 accedente
1132 4581 1165 4634 ad
1184 4585 1290 4635 textum
1308 4582 1412 4637 editum
1430 4583 1458 4635 in

252 4659 502 4799 mgiffigv
513 4663 593 4731 Sept,
605 4679 631 4731 p.
644 4663 698 4726 198,
715 4667 825 4716 servata
836 4665 878 4715 est
888 4661 935 4715 hic
946 4677 1124 4715 numerorum
1137 4663 1276 4717 distinctio
1294 4664 1321 4717 in
1340 4667 1398 4718 Act.
1410 4666 1457 4718 SS.
