3270 5400
204 360 272 434 loe
537 383 663 463 cirin..
690 384 794 435 conn.
821 385 1097 439 uarnoeaxrmc.

544 649 754 760 Appendix
779 650 830 737 ad
856 653 936 737 cod.
967 650 1085 740 7917.

245 903 281 945 nr
303 904 328 945 s,
351 903 525 947 (cernamus
547 904 576 946 r.
600 905 630 947 n.
653 905 875 949 xcuxxnoarux,
902 887 979 967 (Cir.
1003 907 1110 969 supra,
1134 907 1208 969 pag.
1234 891 1302 966 155,
1329 892 1382 972 19.)

239 1086 428 1145 Nutivltee
452 1084 721 1158 gloriosissimae
743 1087 946 1159 Christique
969 1090 1148 1160 martyris
1172 1093 1388 1154 Katherlnae

609 1188 647 1245 et
667 1187 712 1246 de
733 1187 812 1258 etus
832 1186 1015 1258 progente.

241 1378 273 1433 1.
283 1368 287 1375 ¹
298 1381 327 1433 ln
340 1378 386 1431 illa
398 1384 470 1431 terra
482 1393 530 1429 seu
543 1375 630 1444 patria
642 1392 702 1443 quie
715 1374 881 1428 Alexandria
895 1382 1015 1437 vocatur,
1034 1383 1093 1430 erat
1111 1378 1223 1446 quidam
1239 1395 1285 1432 rex
1304 1396 1428 1449 maguus,

102 1524 109 1537 .
196 1479 294 1532 Costus
305 1476 425 1537 nomine,
436 1477 514 1542 cujus
523 1489 636 1542 regnum
649 1473 743 1535 latum,
756 1474 803 1526 sed
817 1472 952 1527 idolorum
967 1474 1024 1542 ipse
1036 1474 1124 1527 cultor
1136 1481 1163 1527 et
1175 1491 1305 1544 paganus.
1319 1477 1353 1530 at
1364 1493 1426 1531 cum

195 1594 263 1632 auro
272 1583 299 1630 et
308 1581 420 1644 argento
430 1579 457 1628 et
466 1573 606 1642 armigeris
615 1573 700 1626 fultus
709 1578 788 1635 esset,
798 1579 890 1626 tamen
901 1573 984 1626 tristis
993 1579 1060 1634 erat,
1073 1591 1105 1626 eo
1116 1575 1189 1643 quod
1200 1575 1301 1628 herede
1315 1583 1427 1631 cureret
1444 1587 1460 1636 5

195 1674 289 1741 Longo
306 1675 345 1727 sic
363 1680 487 1742 tempore
504 1672 606 1739 elapso,
624 1671 725 1739 placuit
743 1671 865 1739 pluribus
883 1676 910 1724 el
928 1687 973 1725 rex
992 1671 1049 1740 ipse
1067 1673 1204 1741 acquievit
1223 1680 1253 1727 ut
1271 1674 1299 1727 in
1318 1674 1428 1728 civitate

194 1773 321 1833 lindiam,
330 1789 392 1841 qua
401 1777 442 1826 est
454 1772 481 1825 in
494 1770 628 1839 superiori
641 1776 715 1838 parte
729 1770 907 1831 Alexandriae,
916 1776 1014 1838 quarta
1024 1771 1130 1825 decima
1140 1773 1184 1825 die
1194 1773 1297 1826 mensis
1305 1774 1427 1827 ianuarii

193 1873 373 1927 convenirent
384 1877 411 1925 et
423 1888 471 1940 pro
483 1871 584 1924 herede
596 1871 671 1938 regni
682 1870 831 1923 obtinendo
842 1869 939 1938 singuli
950 1872 1099 1924 secundum
1110 1876 1197 1924 status
1206 1872 1246 1925 sui
1260 1872 1426 1941 exigentiam

193 1972 352 2042 potentibus
363 1971 414 2024 diis
432 1971 599 2023 oblationem
618 1975 765 2037 portarent.
784 1970 896 2023 Factum
909 1975 950 2022 esi
968 1976 1060 2023 autem
1079 1971 1229 2024 secundum
1250 1972 1321 2040 regis
1341 1973 1427 2042 impe·

193 2071 272 2134 rium,
282 2077 309 2124 et
324 2070 370 2124 illo
380 2069 423 2124 die
436 2070 563 2123 convenit
576 2069 723 2122 multitudo
736 2068 876 2137 gentilium
890 2085 952 2122 cum
965 2069 1126 2123 muneribus
1138 2070 1261 2129 diversis,
1274 2071 1427 2125 clamantes
1443 2080 1466 2129 lt

192 2175 342 2238 separatos
354 2186 414 2222 esse
424 2170 459 2222 ad
471 2168 617 2236 imperium
631 2168 708 2236 regis.
718 2168 794 2221 Tune
808 2184 853 2220 rex
865 2168 922 2220 suis
934 2168 1070 2236 regalibus
1085 2169 1205 2222 restibus
1215 2169 1335 2232 indutus,
1345 2187 1426 2240 super

193 2268 396 2322 dromedarium
414 2268 521 2330 sedenS,
533 2267 671 2320 silentium
684 2266 742 2319 sieri
755 2265 884 2319 indicarit
903 2272 930 2319 et
948 2272 1003 2319 loru
1022 2267 1109 2319 multo
1122 2267 1224 2335 populo
1237 2268 1325 2322 dixit:
1340 2270 1380 2322 Nc
1398 2272 1426 2322 in

188 2373 328 2434 posterum
341 2366 491 2438 respublica
501 2372 601 2431 percat,
618 2365 775 2415 oblationem
788 2365 844 2415 dlis
862 2366 962 2416 »rostris
981 2381 1074 2416 crocum
1086 2365 1199 2430 clinnum
1215 2367 1348 2418 cluniacus
1359 2383 1425 2432 pra·

189 2481 302 2532 perure,
320 2472 357 2529 ut,
374 2466 400 2516 si
414 2465 477 2529 ficri
491 2470 584 2530 potest,
605 2463 680 2514 erodis
698 2464 858 2528 prociderint
874 2463 907 2513 de
926 2464 1028 2514 herede.
1048 2462 1081 2515 Et
1101 2462 1165 2515 lecit
1187 2462 1318 2530 baptizari
1340 2480 1423 2517 unam

192 2567 312 2616 statuam
324 2561 437 2615 nomine
448 2561 497 2614 Dei
509 2561 559 2623 sui,
571 2559 732 2628 praecipiens
741 2559 816 2612 onrni
826 2559 1007 2628 populojuris
1020 2560 1155 2614 sententia
1165 2566 1195 2614 ut
1206 2561 1234 2614 in
1247 2567 1349 2615 terram
1362 2579 1424 2630 pro·
1440 2572 1466 2621 ld

190 2661 269 2715 strati
280 2665 399 2714 statuam
414 2660 558 2713 adorarent
576 2665 603 2712 et
621 2663 762 2727 potentum
777 2659 891 2711 deorum
909 2659 1075 2725 adjutorium
1095 2659 1256 2713 invocarent
1272 2677 1323 2729 pro
1342 2677 1424 2715 causa

191 2776 275 2828 supra
286 2759 366 2813 dicta.
384 2760 418 2813 Et
435 2759 487 2811 hoc
499 2776 547 2827 per
559 2758 691 2827 integram
710 2758 914 2810 hebdomadam
934 2758 992 2811 lieri
1003 2758 1119 2825 jubebat
1131 2758 1206 2812 omni
1219 2759 1263 2812 die
1283 2776 1338 2813 una
1357 2760 1423 2814 rice.

191 2858 288 2913 Statim
307 2863 400 2913 aulem
418 2858 622 2927 populus,regis
635 2857 749 2925 imperio
768 2857 907 2918 obediens,
917 2856 1022 2910 diversa
1041 2858 1173 2911 sacrificia
1184 2857 1312 2912 iaciendo
1324 2859 1422 2912 clama·

192 2957 245 3020 bat,
263 2962 290 3011 et
311 2957 498 3025 unusquisque
518 2962 599 3026 prout
619 2956 707 3024 potuit
727 2955 899 3009 daemonibus
920 2956 1090 3010 immolabat
1111 2956 1231 3010 Peractis
1251 2957 1296 3010 his
1316 2958 1422 3022 diebus,

191 3061 303 3125 accepta
315 3055 398 3125 regali
408 3056 518 3109 licentia
529 3055 717 3124 unusquisque
726 3055 759 3108 od
771 3055 880 3123 propria
892 3055 1034 3109 remeavit.
1045 3056 1077 3109 Et
1088 3055 1171 3123 longo
1184 3061 1344 3125 exspectato
1356 3061 1422 3109 teru-
1437 3062 1465 3113 il

190 3169 265 3222 pore,
278 3159 359 3221 prout
368 3155 419 3207 fuit
430 3155 524 3223 regina
534 3154 679 3207 infecunda
690 3153 848 3221 permansit.

232 3252 267 3311 2.
291 3254 321 3307 ln
339 3253 437 3306 diebus
448 3251 500 3304 illis
511 3251 563 3304 luit
575 3250 601 3303 in
616 3250 719 3304 Gracia
732 3250 844 3318 quidam
857 3266 973 3318 magnus
991 3251 1179 3320 philosophus
1188 3253 1302 3307 nomine
1319 3254 1421 3324 Alpho-

191 3353 255 3414 rius,
264 3352 343 3419 cujus
354 3350 429 3403 lama
440 3349 542 3418 ubique
553 3348 690 3401 rutilabat.
704 3348 736 3401 Et
748 3349 873 3417 pervenit
884 3349 918 3401 ad
928 3365 1019 3416 regern
1032 3355 1135 3417 quanta
1147 3350 1260 3404 scientia
1273 3352 1421 3419 praedielus

191 3451 371 3522 philosophus
383 3451 411 3504 in
420 3448 500 3501 astris
510 3448 638 3515 praeditus
647 3447 789 3501 diceretur.
799 3448 857 3500 ilex
868 3452 960 3501 autem
971 3448 1084 3502 volvens
1096 3450 1123 3503 in
1134 3454 1234 3513 mente,
1243 3467 1280 3503 an
1289 3450 1342 3504 ista
1351 3451 1395 3504 iul
1396 3466 1420 3504 e·

191 3551 315 3606 cuuditas
328 3565 361 3602 ex
379 3548 493 3615 alicujus
511 3547 559 3600 Dei
578 3547 762 3615 indignatione
780 3552 851 3600 esset
863 3547 904 3599 vel
917 3563 950 3599 ex
968 3554 1074 3611 natura,
1093 3547 1167 3602 misit
1177 3549 1211 3601 ad
1229 3548 1419 3603 cumconsilio
1436 3558 1465 3607 u

189 3666 302 3704 suormn
313 3649 340 3702 in
352 3648 411 3701 hace
428 3647 526 3700 verba:
542 3646 670 3709 “Coetus
679 3661 841 3713 magnorum
855 3646 968 3699 deorum
988 3652 1056 3699 nutu
1074 3652 1101 3699 et
1113 3647 1287 3715 providentia
1298 3649 1383 3717 Syriae
1394 3650 1421 3702 el

189 3749 298 3803 Gracire
308 3765 339 3800 ac
351 3747 379 3800 in
392 3762 492 3814 niagno
504 3761 587 3813 regno
598 3745 768 3797 Alexandriae
778 3761 825 3797 rex
838 3744 1315 3816 etgubernator.Alphorio,n1agno
1329 3748 1421 3801 Astro-

189 3848 251 3917 logo
263 3854 291 3901 et
299 3863 350 3900 suo
359 3845 457 3907 amico,
468 3844 510 3897 sui
523 3850 549 3897 et
561 3845 645 3897 totius
658 3843 731 3912 regni
744 3844 867 3897 invocem
885 3849 912 3896 et
924 3843 1043 3912 regalem
1054 3845 1285 3900 benedictionem.
1301 3845 1417 3901 Noreris

189 3952 302 4000 nostum
314 3947 395 3999 iarnoe
407 3942 623 4012 magnitudinem
634 3943 794 4011 percepisse,
806 3947 834 3995 el
849 3942 970 3996 scientia
983 3948 1036 3996 tuae
1054 3944 1185 4013 fulgorem
1199 3944 1302 3998 nostris
1313 3950 1421 4015 ternpo-

189 4046 265 4099 rihus
284 4044 429 4098 illuxisse:
453 4060 536 4112 cluam
555 4043 726 4112 rnagnilicam
744 4044 859 4097 deorum
877 4043 963 4112 gratia
980 4044 1008 4097 in
1026 4044 1130 4097 eunetis
1150 4044 1210 4097 coeli
1231 4049 1258 4098 et
1281 4048 1419 4100 astrorum
1438 4050 1466 4103 tt

189 4143 357 4197 motionibus
366 4141 416 4195 tihi
429 4142 503 4195 dedit
515 4140 707 4209 cognitionem,
717 4147 743 4194 et
754 4157 838 4210 quam
849 4140 963 4209 limpide
974 4147 1022 4194 tua
1034 4140 1187 4194 illuminata
1196 4140 1384 4196 consideratio
1395 4142 1422 4197 in

189 4240 281 4294 multis
296 4239 438 4308 quaefacta
450 4244 513 4291 sunt
525 4243 552 4291 et
561 4240 631 4291 fiunt
642 4238 744 4292 indicat
756 4239 907 4292 veritatem.
916 4239 950 4292 Et
960 4239 1025 4306 quia
1035 4238 1061 4291 in
1075 4237 1155 4291 nobis
1166 4237 1378 4306 superabundat
1388 4254 1422 4295 ex

189 4339 302 4393 deorum
314 4343 471 4391 nostrorum
489 4337 575 4406 gratia
592 4336 725 4406 quidquid
742 4335 837 4390 mundi
848 4336 948 4404 mtudia
960 4337 1080 4390 audeant
1096 4336 1245 4404 postulare,
1257 4335 1329 4392 nihil
1341 4338 1425 4393 nobis

189 4437 265 4491 deest
276 4436 327 4489 nisi
337 4436 450 4488 istorum
462 4436 597 4488 honorum
608 4436 688 4487 heres
697 4440 725 4487 el
734 4451 876 4503 possessor
888 4434 914 4487 in
927 4435 1028 4488 future.
1040 4434 1123 4488 Nobis
1135 4439 1228 4488 lamen
1240 4435 1369 4504 ignotum
1382 4442 1425 4491 est

188 4552 223 4589 an
235 4537 286 4588 ista
302 4535 430 4589 sterilitas
450 4535 475 4587 in
494 4535 573 4588 nobis
591 4540 632 4586 est
649 4550 680 4586 ex
701 4539 797 4587 natura
811 4534 852 4586 vel
871 4533 947 4587 sidus
963 4540 1064 4587 nostra
1081 4533 1232 4588 nativitatis
1244 4550 1297 4588 nos
1309 4535 1425 4607 oblique
1441 4545 1466 4597 st

187 4635 312 4704 inspexit,
325 4633 368 4687 rel
379 4639 480 4687 eventu
489 4633 557 4686 alicu
559 4634 603 4701 jus
616 4634 653 4687 rei
668 4633 824 4687 accidentis.
837 4632 875 4686 Te
888 4649 951 4701 ergo
964 4649 1012 4701 per
1023 4633 1123 4702 scripla
1135 4632 1208 4702 regia
1220 4632 1338 4703 dignum
1346 4636 1426 4691 duxi·

188 4749 249 4786 inus
266 4732 384 4802 rogitare
404 4738 434 4783 ut
452 4732 537 4784 nostri
560 4731 634 4800 regni
652 4738 680 4784 et
697 4731 799 4785 doloris
821 4732 924 4784 laceres
942 4736 967 4784 te
985 4729 1152 4800 participem,
1165 4745 1230 4784 mox
1244 4730 1313 4786 risis
1323 4732 1426 4789 litteris
