3270 5400
332 338 405 413 502
668 360 796 413 cisni.
821 360 926 414 sonu.
951 360 1232 413 mercenariam.

332 549 439 602 deserto
456 548 553 602 mundi
564 548 651 602 reficit
670 565 722 602 nos
740 549 879 603 intellectu
899 549 1042 618 spirituali,
1051 550 1169 619 protegit
1189 549 1390 604 intercessione
1402 555 1569 616 sanctorum,

332 648 488 701 consolatur
508 647 646 701 miraculis
663 663 767 713 eornm,
781 648 814 702 de
829 665 946 718 qnorum
967 648 1081 717 collegio
1103 649 1154 703 iste
1174 652 1308 718 patronus
1327 653 1428 703 noster
1446 649 1569 718 specialis

332 747 430 800 beatus
442 746 567 800 Clemens
583 762 692 799 summe
705 746 733 800 in
750 747 904 802 celestibus
923 747 1028 802 exultat
1047 752 1075 801 et
1092 763 1156 802 cum
1169 747 1278 802 Christo
1298 747 1419 802 feliciter
1429 754 1528 816 regnat
1543 749 1569 803 in

330 845 536 913 sempiternum.

787 1003 840 1058 ne
861 999 960 1058 obitu
981 998 1105 1070 ipsius.
1583 1022 1597 1071 ι

364 1183 447 1236 Rexit
458 1200 522 1237 vero
536 1183 661 1252 princeps
678 1184 816 1237 maximus
828 1188 856 1237 et
866 1184 993 1237 sacerdos
1006 1183 1133 1238 Clemens
1150 1183 1293 1238 ecclesiam
1312 1184 1477 1250 ldetensem‚
1489 1200 1569 1254 quum

330 1282 459 1335 menimis
476 1282 622 1336 sudoribus
635 1282 753 1336 Domino
766 1281 922 1350 adquisivit,
934 1283 1014 1336 annis
1025 1281 1080 1336 xx⁸¹
1093 1297 1124 1338 vs
1135 1287 1164 1335 et
1174 1282 1320 1336 mensibus
1332 1287 1463 1351 quatuor.
1474 1283 1569 1337 Trans·

332 1382 380 1435 ivit
390 1386 484 1435 sutem
496 1382 540 1434 die
549 1397 623 1435 nono
636 1381 821 1435 Kalendarum
831 1380 1018 1434 decembrium
1028 1381 1063 1433 ab
1073 1380 1126 1434 hac
1137 1397 1313 1450 erumpnosa
1328 1386 1358 1435 et
1370 1382 1499 1436 instabili
1516 1383 1569 1436 rita

321 1481 366 1534 ad
386 1481 493 1534 felicem
518 1486 545 1533 et
564 1479 716 1548 angelicam
737 1479 862 1547 patriam,
883 1479 1044 1546 conjunctus
1067 1478 1174 1547 magnis
1201 1479 1373 1549 principibus
1384 1481 1570 1544 sacerdotnm,

331 1579 465 1633 adsistens
474 1594 546 1631 nunc
558 1577 676 1631 Domino
687 1577 825 1641 caelorum,
837 1583 948 1646 paratus
958 1577 1126 1630 intercedere
1136 1593 1186 1644 pro
1204 1579 1327 1646 peccatis
1343 1578 1473 1633 fidelium
1485 1595 1570 1648 popu·
1586 1589 1613 1637 tt

331 1675 429 1739 lorum,
440 1675 488 1729 ubi
498 1691 560 1728 cum
570 1691 603 1728 eo
613 1674 712 1742 gaudet
723 1678 751 1727 et
763 1674 869 1728 laetatur
880 1674 908 1728 in
919 1673 1013 1728 seculo
1021 1673 1186 1727 seculorum.
1195 1674 1292 1728 Amen.

330 1859 487 1932 Explicit
501 1857 588 1920 vito
608 1856 812 1918 beatissimi
833 1857 1022 1919 clementis
1042 1857 1148 1929 primi
1169 1857 1332 1919 sinistis
1352 1861 1570 1921 metensium

863 1954 1028 2028 episcopi.

345 2486 546 2576 cuxiffli.
575 2486 701 2575 (lodex
726 2487 832 2600 apud
857 2487 903 2574 D.
932 2487 1132 2599 Phillipps
1155 2490 1343 2598 signatus
1368 2508 1416 2575 n⁰
1442 2489 1555 2577 4644.

363 2754 526 2823 Paginarum
539 2755 596 2820 316,
614 2755 709 2809 iormae
722 2755 819 2808 mediae
836 2755 941 2822 (0⁰‚353
952 2761 978 2812 ><
989 2756 1083 2822 md),
1095 2755 1167 2810 binis
1179 2755 1323 2821 columnis,
1342 2755 1425 2810 lineis
1436 2757 1567 2826 graphide

330 2842 491 2916 ductisssuua
504 2870 587 2908 manu
599 2854 691 2908 seculo
703 2854 765 2908 lllIl
775 2852 980 2907 accuraiissime
995 2859 1131 2908 exaratus.
1141 2854 1224 2909 Tituli
1235 2853 1369 2909 rubricati
1385 2860 1460 2920 sunt,
1471 2856 1566 2910 litters

330 2953 457 3020 majores,
469 2954 582 3007 alternis
594 2954 699 3007 vicibus
708 2952 794 3006 minio
807 2952 939 3021 viridique
957 2953 1050 3006 colore
1069 2954 1190 3022 depictos,
1203 2958 1319 3008 venusto
1338 2960 1481 3009 exornatae
1494 2960 1563 3009 sunt.

329 3051 387 3106 Fol.
396 3052 446 3105 316
458 3052 500 3105 bis
509 3051 610 3119 scripta
625 3056 689 3105 sunt
700 3067 759 3119 sqq.
772 3069 777 3104 :
791 3052 874 3105 Liber
881 3051 961 3105 beate
972 3053 1069 3106 Merite
1080 3054 1113 3105 de
1124 3055 1205 3106 Atna.

363 3150 465 3203 Praeter
482 3150 610 3219 epistolas
627 3151 654 3204 S.
672 3150 804 3204 Bemardi
821 3149 996 3205 continentur
1011 3149 1040 3204 in
1057 3150 1297 3219 codicequaedam
1318 3152 1490 3207 documenta
1505 3168 1563 3221 qus

330 3248 502 3318 aliquatenus
514 3250 548 3302 ad
560 3249 745 3318 hagiologiam
754 3254 877 3318 spectare
889 3248 1025 3304 videntur.

432 3478 466 3548 10
491 3474 593 3548 visio
607 3474 736 3548 domni
745 3473 843 3547 Pena
856 3473 1001 3547 abbatis
1009 3452 1147 3566 ignem
1160 3495 1274 3566 quam
1287 3473 1380 3549 vinc
1393 3477 1440 3550 ee
1454 3477 1561 3550 fratre

476 3589 660 3663 Balduino
678 3589 793 3663 milite
806 3588 946 3662 novitio
964 3611 1032 3663 suo
1051 3588 1097 3684 (p.
1116 3588 1301 3685 aui-307).

360 3720 555 3789 Fragmentum
568 3719 637 3773 Vitae
649 3720 730 3773 editae
742 3719 770 3772 in
782 3721 841 3773 Act.
857 3720 912 3783 SS„
926 3719 960 3771 nd
972 3718 997 3772 d.
1010 3718 1043 3772 iu
1055 3717 1123 3782 Oct..
1135 3723 1200 3772 tom.
1213 3717 1285 3784 Xlll,
1296 3736 1323 3788 p.
1336 3719 1370 3772 68
1381 3735 1452 3789 sqq„
1463 3719 1561 3774 scilieet

327 3835 403 3874 num.
412 3820 496 3882 i'offl,
508 3835 533 3887 p.
546 3818 630 3872 73-75.
643 3846 674 3855 -
686 3818 815 3887 Sequitur
825 3818 854 3871 in
873 3817 933 3871 cod.
953 3820 990 3885 (p.
1011 3816 1133 3884 sui-aii)
1151 3819 1320 3871 Mirantem
1338 3819 1371 3871 de
1392 3819 1560 3873 novitiolis

324 3920 454 3986 poniensi
464 3916 511 3986 qni
523 3917 681 3985 importuna
693 3916 842 3970 tentatione
852 3921 966 3969 vexatus
975 3914 1142 3968 monasterio
1152 3913 1245 3981 exivit,
1254 3915 1303 3969 sed
1312 3915 1378 3970 illuc
1388 3917 1468 3971 brevi
1477 3917 1560 3971 ianus

328 4017 461 4085 penitens
472 4031 599 4069 reversus
611 4016 685 4070 diros
697 4032 746 4084 per
762 4020 882 4083 quatuor
895 4014 953 4068 diss
970 4014 1112 4068 diabolice
1129 4015 1311 4083 possessionis
1328 4017 1470 4071 cruciatus
1486 4015 1560 4070 sudi·

327 4116 395 4170 nuit.
413 4116 528 4184 Incipit:
550 4117 595 4168 Au
610 4117 728 4182 pierium
746 4117 819 4182 repis
837 4116 931 4168 eterni
949 4116 1081 4181 respicere
1097 4114 1287 4181 comprobatur
1307 4119 1434 4182 quotiens
1449 4118 1560 4184 plenos

327 4217 434 4284 aliquid
445 4216 479 4268 ab
496 4232 524 4268 eo
534 4217 639 4281 fartum
655 4232 673 4268 a
691 4215 806 4280 subjecto
817 4215 900 4266 indite
913 4214 1078 4267 declaratur.
1087 4213 1241 4280 Eupropter
1252 4230 1298 4279 epo
1311 4215 1466 4269 Herbertns
1483 4215 1561 4269 allos

327 4314 491 4383 Supperndi,
508 4314 632 4381 unasub
645 4315 792 4379 presentia
804 4319 898 4365 nostra
910 4313 1078 4378 contipernnt
1095 4313 1132 4364 ad
1142 4311 1344 4376 edificationem
1361 4315 1522 4368 auditorum
1533 4315 1560 4367 in

327 4415 475 4466 multorum
495 4414 620 4465 notitiam
643 4413 732 4464 venire
752 4412 945 4465 desideramus.
969 4412 1049 4463 Anno
1076 4412 1164 4478 initur
1183 4410 1217 4463 ab
1239 4412 1433 4466 incarnatione
1453 4415 1561 4468 Domini

326 4509 603 4562 memmium
624 4526 657 4562 ee
679 4510 801 4576 injuncto
821 4509 914 4561 domni
935 4508 1143 4560 clarevallensis
1164 4509 1195 4559 in
1213 4507 1340 4574 mucius
1358 4509 1560 4577 Hispaniam

326 4611 435 4662 tenebor
445 4610 557 4662 visitare
569 4608 707 4676 quandum
719 4603 854 4661 obbotiarn
865 4608 973 4660 ordinis
987 4607 1173 4660 Oisia-cienena
1182 4607 1289 4660 nomine
1298 4605 1460 4674 Mornulia,
1469 4613 1499 4663 in
1509 4628 1561 4680 qno

326 4708 376 4761 sub
387 4709 473 4761 oculis
484 4710 586 4761 nostris
598 4708 695 4760 occidit
704 4709 775 4774 quod
786 4707 908 4760 seriatim
921 4712 1089 4759 amamur.
