3338 5394
193 353 262 426 136
521 377 648 428 carin.
673 378 776 429 conn.
803 378 1080 430 nnmosnnrmc.

288 570 328 641 ‘2⁰
353 554 438 642 Vita
449 570 668 643 venerabilis
680 569 796 662 patris
810 569 939 660 nostri,
949 569 1074 643 fratris
1091 570 1254 659 lordum,
1264 569 1421 644 secundi

336 684 504 776 magistri
516 685 674 767 fratrum
690 684 839 758 Ordinis
851 684 1142 760 Praedioatorum
1157 686 1237 778 (fol.
1248 686 1421 778 ainau).

222 812 283 866 Vita
294 814 364 880 stylo
376 814 486 868 diversa
496 814 531 868 ab
543 830 577 868 ea
588 831 649 882 quae
661 813 736 868 edita
747 819 788 868 est
800 814 827 868 in
841 817 899 868 Aet.
912 816 967 882 SS„
979 816 1014 868 ad
1026 815 1052 869 d.
1069 816 1097 867 13
1109 815 1196 879 Febr„
1209 819 1275 869 tom.
1288 815 1321 877 11,
1334 832 1361 883 p.
1371 816 1425 887 724

188 912 492 982 equ-vidnppend.
867 905 869 910 ’

493 1330 702 1441 Appendix
728 1329 778 1416 ud
802 1309 884 1416 eod.
916 1328 1110 1418 7825-26.

297 1584 335 1627 on
357 1585 384 1627 n.
406 1584 553 1642 connire,
574 1584 709 1628 srcunno
730 1584 881 1628 uasisrno
904 1584 1050 1628 crunnum
1072 1586 1101 1627 o.
1123 1585 1148 1628 s
1172 1584 1316 1628 nouiurur.

591 1662 669 1746 (Cir.
691 1663 753 1726 hae
774 1663 845 1743 ipsa
865 1682 948 1744 pag„
970 1664 1028 1744 2⁰.)

191 1862 320 1936 tneipu
339 1863 420 1923 vita
433 1863 652 1924 venerabilis
665 1864 786 1938 patris
799 1865 926 1940 nostri,
941 1866 1071 1925 matris
1090 1865 1257 1937 Jordant,
1273 1866 1421 1924 secundi

378 1963 547 2034 magistri
574 1963 729 2023 fratrum
757 1966 902 2025 Ordinis
929 1966 1222 2038 praedteatorum.

233 2153 265 2208 1.
288 2154 423 2207 Successit
435 2155 463 2208 in
471 2156 586 2209 fratrum
596 2156 706 2210 Ordinis
714 2156 928 2210 Praedicatorunr
941 2156 1101 2224 magistratu
1114 2159 1142 2208 et
1154 2155 1286 2224 regimine
1300 2156 1420 2224 vitaeque

189 2250 287 2305 merito
296 2252 482 2316 sanctissima,
490 2253 652 2306 venerabilis
661 2258 746 2321 pater,
756 2254 984 2307 iraterlordanus
993 2253 1132 2306 fundatori
1142 2254 1287 2321 primoque
1296 2253 1420 2320 eiusdem

188 2351 298 2405 Ordinis
308 2353 447 2419 magistro,
458 2352 577 2420 glorioso
586 2353 643 2421 jam
662 2353 691 2406 in
708 2353 784 2407 coelis
803 2352 963 2415 confessori,
984 2353 1065 2406 beato
1083 2352 1235 2405 Dominico.
1257 2352 1323 2405 Posi
1342 2351 1456 2419 cujuss

189 2448 296 2503 felicem
308 2451 343 2503 ad
355 2450 437 2503 eoelos
452 2451 596 2504 transitum
608 2450 774 2503 celebratum
794 2454 834 2503 ost
852 2450 963 2503 tertium
976 2450 1104 2518 generale
1117 2449 1275 2518 Capitulum
1288 2449 1421 2511 Parisius;

189 2549 217 2601 in
229 2565 284 2617 qno
297 2550 424 2617 praeiatus
435 2550 519 2603 frater
527 2549 663 2602 Jordanus
674 2566 792 2618 superna
810 2550 970 2617 providente
982 2549 1135 2613 elementia,
1144 2549 1209 2603 licet
1225 2549 1316 2602 adhue
1329 2549 1357 2601 in
1369 2548 1421 2601 hac

189 2649 318 2718 religione
336 2650 405 2703 duos
423 2666 510 2702 annos
528 2656 555 2702 ot
572 2649 716 2702 dimidium
737 2666 793 2702 non
810 2649 981 2718 complesset,
1006 2649 1034 2703 in
1057 2649 1218 2717 magistrum
1241 2648 1351 2702 Ordinis
1373 2663 1422 2717 per

188 2747 319 2817 Spiritum
329 2754 453 2803 sanctum
463 2749 565 2802 electus
577 2753 625 2811 est,
638 2765 711 2801 atino
726 2750 819 2817 gratiae
829 2765 948 2801 uccxxn.
962 2749 1001 2801 De
1014 2749 1093 2817 cujus
1107 2748 1316 2801 couversatione
1327 2747 1421 2801 lauda·

189 2847 236 2901 bili
249 2847 341 2916 aliqua
353 2849 514 2902 interserere
524 2848 713 2916 dignissimum
725 2848 855 2914 judicavi.
1440 2857 1473 2907 to

264 3054 316 3110 Do
343 3052 438 3110 bona
460 3051 734 3111 conversatione
763 3051 841 3122 ejus
867 3051 953 3109 ants
974 3051 1159 3109 introitum
1188 3049 1342 3110 ordinis.

231 3240 266 3298 2.
290 3242 352 3295 Fuit
368 3242 530 3294 virsanctus
547 3241 597 3294 iste
615 3242 725 3294 natione
738 3241 932 3306 TheutonieuS,
946 3243 979 3294 de
997 3240 1122 3294 Saxoniae
1135 3241 1258 3307 partibus
1275 3240 1419 3293 oriundus.

190 3341 243 3407 Qui
255 3339 445 3393 castimoniam
458 3341 558 3391 mentis
570 3344 597 3390 et
609 3339 730 3405 eorporis
743 3338 852 3391 illaesam
864 3355 980 3406 sempor,
990 3343 1019 3390 ut
1027 3338 1154 3399 creditur,
1165 3337 1326 3395 custodivit;
1337 3336 1422 3405 pieta-

190 3444 309 3508 temque,
320 3455 382 3507 quae
393 3437 543 3490 secundum
555 3437 710 3505 apostolum
723 3438 757 3490 ad
771 3437 864 3490 omniu
875 3438 955 3498 calet,
974 3438 1043 3489 adeo
1056 3436 1148 3499 coluit,
1162 3441 1193 3489 ut
1211 3435 1302 3488 nullus
1320 3451 1422 3503 paupe·

191 3552 250 3590 rum
263 3537 298 3590 ab
311 3553 343 3589 eo
356 3540 452 3604 petens
464 3534 668 3602 eleemosynarii
681 3535 961 3602 aliquand0,1nunere
974 3535 1127 3597 frustratus,
1137 3534 1172 3586 sit
1182 3533 1311 3586 dimissus
1324 3532 1421 3586 inanis.
1440 3547 1472 3595 is

100 3681 107 3694 .
190 3637 272 3690 Dives
281 3636 392 3705 quidem
404 3636 418 3666 ¹¹
428 3636 457 3689 in
470 3634 584 3703 pecunia
597 3649 652 3685 non
661 3633 724 3696 fuit;
735 3633 852 3686 multum
864 3650 960 3686 verum
978 3634 1057 3687 dives
1076 3633 1103 3686 in
1116 3632 1306 3687 misericordia
1318 3638 1346 3685 et
1357 3633 1420 3693 tide,

121 3747 127 3759 ·
190 3735 385 3804 omnipotenti
402 3751 431 3787 se
451 3733 560 3791 tributu
580 3732 755 3801 maximeque
774 3732 847 3801 inopi
865 3733 918 3785 sihi
936 3732 1090 3786 occurrenti
1107 3732 1195 3801 primo
1214 3732 1306 3796 etiam,
1324 3732 1346 3784 si
1365 3747 1422 3785 non

191 3838 302 3903 peteret,
318 3833 414 3887 solitus
430 3833 495 3885 dare
506 3831 564 3884 luit.
579 3831 698 3884 Devotus
714 3836 773 3884 erat
783 3832 847 3894 lieo,
857 3836 884 3884 et
896 3832 930 3884 nd
943 3832 1002 3898 ejus
1014 3830 1146 3899 obsequia
1159 3831 1249 3884 alacer
1261 3835 1289 3884 et
1301 3835 1422 3899 paratus.

190 3933 243 4002 Qui
255 3932 374 3987 Parisius
391 3931 548 3998 Theologiae
564 3931 655 3983 studio
667 3930 783 3991 deditus,
801 3931 836 3983 ad
854 3930 1001 3983 Matutinus
1019 3930 1148 3983 omnibus
1166 3930 1292 3983 noctibus
1310 3945 1422 3999 surgere

190 4032 340 4087 consuevit.
352 4030 478 4098 Quadam
491 4034 583 4083 nutem
595 4046 694 4097 magna
707 4029 863 4092 testivitate,
875 4042 1015 4096 campanie
1028 4028 1135 4097 signum
1155 4045 1185 4081 se
1203 4032 1334 4097 reputans
1345 4028 1422 4082 audi·
1438 4039 1471 4090 20

192 4132 269 4195 risse,
281 4130 367 4198 surgit
383 4129 445 4182 cito,
463 4128 554 4197 Cappa
565 4132 672 4180 tantum
683 4144 764 4195 super
776 4127 919 4180 camisiam
937 4127 1057 4188 indutus,
1070 4127 1177 4195 cingulo
1196 4143 1225 4180 se
1242 4127 1421 4196 praecingens,

190 4229 374 4285 adecelesiam
389 4227 551 4296 properavit.
564 4227 615 4280 Cui
627 4226 744 4279 occurrit
753 4226 851 4294 aliquis
860 4233 955 4293 petens
965 4226 1168 4294 eleemosynam
1181 4224 1233 4279 sibi
1246 4226 1316 4287 dari;
1328 4231 1356 4280 et
1365 4242 1421 4280 non

189 4330 331 4384 inveniens
343 4328 408 4397 quid
418 4328 503 4383 daret.
515 4325 657 4393 corrigiam
672 4325 767 4378 tribuit
778 4325 1050 4401 mendicanti4Tunc
1064 4325 1184 4389 veniens,
1194 4325 1336 4380 eeclesiam
1348 4325 1411 4378 clau

189 4445 248 4483 sam
261 4429 373 4497 reperit;
390 4443 441 4479 nee
458 4440 591 4493 campana
603 4429 740 4484 sonuerat,
754 4429 784 4475 ut
795 4423 917 4490 putabat.
928 4423 1083 4476 Permansit
1094 4427 1186 4476 antem
1197 4423 1232 4476 ad
1245 4423 1319 4477 iores
1330 4440 1422 4487 orans,

189 4543 331 4599 quousque
348 4527 440 4594 janum
458 4523 649 4593 panderentur.
667 4522 775 4575 Intrans
795 4527 897 4577 autem.
918 4528 981 4575 ante
999 4521 1157 4576 crucifixum
1176 4522 1312 4576 adoravit.
1329 4522 1420 4589 Quem
1438 4532 1470 4580 tt

189 4644 252 4691 cum
269 4628 368 4680 devote
383 4625 541 4692 frequenter
551 4621 692 4691 aspiceret,
706 4621 773 4675 vidit
786 4622 875 4689 ipsum
888 4622 1005 4689 corrigia
1016 4621 1135 4674 cinctum
1155 4638 1238 4691 quam
1258 4627 1322 4675 ante
1334 4621 1421 4675 modi·

189 4742 251 4779 cum
264 4723 377 4793 pauperi
389 4739 483 4776 amore
494 4722 608 4774 dederat
620 4721 757 4774 Crucilrxi.
