3270 5400
215 297 288 372 usu
548 322 675 375 caran.
701 323 805 376 coon.
832 323 1113 378 aaarocnsrrnc.

212 509 268 562 hoc
284 509 355 563 festo
371 509 488 566 solemni
506 511 543 564 ob
565 511 635 566 tanti
661 512 826 568 memoriam
848 514 938 569 Patris
961 515 1130 570 monasterio
1154 515 1314 580 conflueret,
1330 515 1416 570 divers

212 623 330 677 rumque
347 613 494 678 apparatus
510 611 652 680 copiarum
705 615 827 682 (reliquo
845 623 875 668 ut
890 618 967 684 opud
984 618 1179 670 Aldreeoldum
1190 616 1416 680 Floriaeemm).

253 708 289 765 4.
313 709 401 778 Supra
417 713 571 762 memorato
590 709 754 771 Christiano,
771 712 909 766 monacho
930 712 1014 779 huius
1031 711 1092 775 loci,
1110 717 1142 766 ut
1158 712 1261 767 dictum
1278 717 1330 775 est,
1347 712 1416 766 arditt

211 807 324 863 solitum
336 811 396 861 erat
412 822 521 860 summa
537 806 639 861 fiducia
655 824 764 862 sacrum
782 809 857 863 adire
874 810 1011 864 tumulum
1028 816 1113 878 atque
1129 809 1235 879 vulgari
1252 825 1331 864 more
1347 814 1416 864 mort

210 907 288 969 lium,
300 908 324 962 si
336 907 402 976 quid
414 907 523 961 adversi
534 906 599 960 huic
608 906 671 961 loco
688 907 832 972 accideret,
844 914 969 963 sanctum
982 910 1089 963 causari
1101 909 1289 971 Benedictum¹
1307 925 1341 962 ea
1353 909 1416 978 utiq

211 1011 292 1061 utens
303 1005 477 1071 confidentia,
489 1023 545 1075 qua
555 1007 661 1061 sciebat
672 1024 702 1060 se
714 1007 929 1078 haudquaquam
942 1009 978 1062 ab
990 1009 1037 1063 illo
1050 1009 1120 1063 velle
1129 1008 1278 1063 contemni.
1287 1007 1370 1075 Quod
1383 1013 1410 1063 et

211 1107 274 1169 hoc,
282 1105 357 1175 quod
370 1105 524 1169 scribimus,
535 1105 602 1159 satis
614 1105 731 1174 liquebit
739 1123 831 1175 opere.
840 1107 871 1161 lu
883 1109 981 1162 eadem
992 1108 1105 1162 basilica
1117 1109 1153 1163 ob
1163 1109 1299 1163 honorem
1310 1108 1415 1177 simulq

209 1204 359 1260 utilitatem
377 1221 459 1274 opere
480 1204 617 1259 celatoria
630 1220 665 1259 ex
682 1221 736 1259 aare
753 1205 915 1259 deformatae
932 1205 1046 1260 armillae
1064 1212 1148 1274 atque
1168 1206 1293 1276 apprime
1310 1207 1415 1261 deaura

210 1303 322 1358 funibus
334 1304 533 1372 dependebant,
544 1304 645 1373 quibus
653 1320 794 1373 campana
806 1304 958 1359 secuudum
968 1320 1075 1358 morem
1084 1305 1195 1358 statutis
1204 1305 1282 1358 horis
1291 1304 1416 1358 celebras

209 1404 294 1459 oflicii
315 1404 503 1472 pulsabantur.
520 1402 646 1470 Quadam
667 1419 733 1457 vero
751 1404 795 1457 die
813 1403 893 1457 mixti
910 1403 1012 1474 populo
1032 1404 1176 1457 ecclesiam
1194 1404 1309 1473 ingressi
1326 1403 1416 1457 latrou

209 1502 381 1573 conspiciunt
392 1503 513 1557 armillas
531 1503 643 1556 funibus
655 1502 782 1571 pendere,
794 1507 977 1573 putantesque
988 1502 1048 1556 auri
1060 1503 1158 1572 optimi
1169 1503 1286 1572 pondus,
1297 1502 1416 1573 cupidita

207 1603 261 1657 sibi
268 1603 396 1657 familiari
407 1603 555 1672 pessimum
566 1601 672 1656 lacinus
679 1602 852 1666 meditantes,
861 1602 1002 1656 communi
1010 1603 1120 1656 decreto
1130 1602 1324 1656 suffossionem
1335 1603 1415 1671 parie

208 1701 367 1757 moliuntur.
379 1701 459 1769 Quod
471 1706 607 1756 nocturno
620 1706 752 1770 ternpore,
765 1706 796 1755 ut
807 1702 994 1766 decreverant,
1005 1702 1156 1771 explentes,
1165 1700 1311 1756 ecclesiam
1324 1702 1416 1770 ingres

208 1802 330 1856 armillas
346 1818 409 1855 cum
420 1802 534 1856 calamis
546 1800 623 1855 aereis
634 1801 798 1855 fabrefactas
809 1805 986 1868 exportantes
998 1801 1095 1855 eodem
1108 1801 1244 1855 foramine
1262 1801 1416 1870 egrediuntr

118 1954 125 1969 ,
208 1901 362 1970 oppilantes
374 1901 461 1955 humo
473 1900 579 1954 aditum
591 1900 685 1963 fossae;
697 1905 830 1969 tantoque
842 1899 951 1954 silentio
965 1900 992 1954 id
1010 1917 1027 1954 a
1045 1900 1152 1954 furibus
1169 1905 1211 1953 est
1228 1904 1369 1968 patratum
1379 1901 1402 1964 ²³,

147 2020 153 2034 ·
207 2015 291 2054 nemo
303 2001 499 2054 excubantium
510 2000 707 2069 persentiscere
721 1999 848 2069 quiverit
866 2016 988 2068 quonam
1006 2005 1087 2068 pacto
1105 2000 1160 2053 tale
1177 1999 1348 2067 completum
1366 1976 1416 2054 bret

207 2100 321 2155 facinus.
334 2100 409 2153 Hora
420 2105 551 2169 praeterea
564 2100 693 2169 surgendi
705 2099 878 2160 adveniente,
895 2115 959 2153 cum
976 2104 1084 2153 tanturn
1102 2098 1191 2153 scelus
1208 2104 1352 2168 peractum
1365 2115 1416 2154 ven

205 2203 292 2254 rando
302 2200 409 2254 custodi
422 2199 577 2254 Christiano
591 2199 761 2261 innotuisset,
772 2198 835 2267 quis
847 2197 926 2253 dolor
937 2199 1041 2267 pectori
1053 2199 1112 2266 ejus
1124 2199 1272 2268 irrepserit,
1283 2215 1348 2266 quae
1360 2199 1416 2253 ocu

204 2297 325 2352 lacrimae
342 2299 529 2367 produxerint,
542 2299 632 2352 fateor
646 2314 703 2352 non
715 2298 795 2353 facile
807 2298 889 2352 dictu.
903 2298 1027 2367 Cumque
1045 2298 1204 2366 hujusmodi
1217 2298 1348 2352 lamentis
1364 2298 1416 2353 soli

205 2401 375 2469 peruenisset
392 2399 427 2452 ad
439 2398 577 2453 tumulum
594 2397 760 2451 sanctissimi
772 2397 867 2462 Patris,
879 2397 979 2450 acriter
989 2396 1095 2451 causari
1108 2413 1139 2450 ae
1152 2398 1283 2465 conqueri
1295 2398 1386 2468 coepit
1398 2415 1414 2453 c

205 2495 357 2551 latronibus
366 2513 396 2550 se
404 2496 578 2566 spoliandum
591 2496 740 2549 tradiderit
753 2495 786 2549 lit
794 2495 860 2564 quia
868 2494 996 2548 fiduciam
1009 2511 1095 2549 sesea
1107 2495 1189 2549 beato
1200 2496 1352 2550 Benedicto
1361 2497 1416 2551 hab

205 2596 254 2650 bat
273 2595 409 2658 audiendi,
429 2595 585 2663 quodcum
606 2593 692 2647 nimia
713 2593 887 2662 simplicitate
904 2598 1032 2662 coeperat,
1050 2593 1132 2647 etiam
1152 2594 1296 2663 peregrino
1314 2611 1417 2649 sermm

204 2694 341 2749 rusticiter
361 2695 564 2763 exsequebatur
580 2721 612 2732 -
629 2708 695 2746 narn
712 2697 811 2746 natura
829 2691 982 2746 Germanus
994 2697 1053 2746 erat
1065 2721 1095 2732 -
1109 2693 1147 2748 ita
1161 2693 1304 2761 inquiens:
1320 2696 1416 2748 Oscae

205 2793 1005 2863 Benedicte,utquidpfprescendodormitas?eroruobrem
1014 2794 1416 2861 doenumtuomtomneplipentt

200 2896 336 2962 provides,
354 2902 382 2946 ut
394 2895 466 2962 quod
476 2894 527 2947 tibi
538 2895 568 2945 in
584 2894 712 2946 bonorem
723 2893 859 2960 operando
870 2893 988 2957 confero,
998 2898 1028 2944 tu
1039 2893 1192 2946 latronibus
1202 2894 1279 2958 furto
1291 2894 1416 2947 subducet

199 2997 367 3064 permittes?
381 2995 456 3048 Certe
468 3009 522 3045 non
535 2999 572 3044 est
581 2992 651 3043 milri
661 3006 740 3056 curs,
751 2992 778 3044 si
789 2992 869 3043 ctiam
877 2991 928 3043 tibi
938 2991 1036 3043 bracos
1044 2992 1182 3057 auferant,
1191 2993 1240 3059 qui
1248 2994 1379 3047 armillas
1387 3010 1416 3047 uc

202 3094 356 3160 defendisti.
376 3093 459 3147 Crede
477 3092 552 3156 milri,
568 3091 595 3143 si
611 3090 739 3142 armillas
749 3096 813 3143 tuus
829 3106 882 3143 nori
895 3091 1056 3154 restitueris,
1074 3107 1121 3142 neo
1137 3107 1220 3143 unare
1237 3093 1416 3145 condelectati

202 3194 353 3247 accendam.
366 3191 430 3244 Hac
443 3195 470 3244 et
481 3189 536 3244 alia
547 3189 635 3243 multa
644 3188 672 3242 in
682 3189 757 3241 huuc
769 3187 942 3241 comminans
953 3187 1066 3242 modum
1080 3187 1217 3256 simulque
1229 3188 1329 3243 baculo
1339 3195 1416 3245 terrm

201 3296 266 3346 ante
278 3290 453 3360 sepulchrum
466 3288 584 3358 positam
594 3285 748 3357 percutiens
758 3285 841 3340 tristis
850 3286 977 3340 abcessit.

234 3393 288 3446 Sed
300 3391 475 3459 omnipotens
486 3389 559 3442 Deus
571 3403 746 3456 nequaquam
759 3387 863 3442 diutius
874 3386 1030 3441 contristari
1047 3403 1144 3456 passus
1163 3393 1204 3442 est
1221 3384 1334 3442 servum
1352 3405 1416 3443 suur

202 3493 268 3562 quin
291 3491 382 3559 potius
402 3485 507 3541 meritis
527 3492 555 3540 et
578 3486 733 3539 interuentu
754 3483 828 3538 beati
851 3484 947 3549 Patris,
967 3501 1030 3539 cum
1050 3501 1106 3554 quo
1126 3484 1288 3539 fiducialiter
1308 3503 1416 3557 conque

202 3590 299 3645 solitus
311 3593 378 3651 erat,
393 3586 536 3641 celerrime
548 3584 676 3639 maestitia
693 3584 844 3638 relevatum
862 3583 961 3652 gaudio
979 3583 1146 3652 competenti
1166 3585 1287 3653 replevit.
1300 3586 1416 3656 Siquidet

201 3690 309 3760 praefati
320 3690 442 3743 latrones
459 3686 548 3740 scelus
568 3684 654 3739 semel
674 3689 867 3753 attemptatum
891 3683 989 3737 iterato
1010 3688 1164 3752 repetentes
1184 3684 1311 3739 foramen
1330 3687 1416 3740 sulfos

200 3790 320 3861 parietis,
340 3788 415 3857 quod
440 3785 545 3856 pridem
565 3785 662 3839 tellure
686 3784 873 3852 oppleverant,
896 3783 990 3851 paucis
1011 3782 1107 3837 diebus
1131 3783 1281 3850 interjectis
1301 3791 1416 3855 expetuu

199 3893 346 3959 egestaque
356 3886 444 3939 humo
452 3883 604 3952 ingressum
614 3880 1006 3935 moliuntur.Confestimvero
1016 3879 1202 3934 acustodibus
1210 3880 1416 3951 captiqmestior

198 3987 367 4049 subduntur;
386 3987 507 4039 fatentur
519 3982 633 4046 facinus,
646 3998 730 4052 seque
748 3982 785 4036 ob
804 3981 831 4036 id
844 3980 988 4034 ecclesiam
1007 3996 1040 4034 ea
1057 3980 1127 4034 hora
1145 3980 1292 4049 ingressos,
1310 3986 1342 4035 ut
1358 3998 1416 4036 omn

198 4104 297 4143 aurum
315 4091 399 4155 atque
412 4088 555 4155 argentum
568 4098 631 4136 cum
644 4081 761 4151 gemmis
772 4098 789 4133 a
806 4080 894 4134 sancti
912 4080 999 4133 Patris
1016 4079 1157 4134 Benedicti
1175 4080 1246 4133 lecto
1264 4081 1416 4135 extrahente

198 4188 345 4242 auferrent
358 4183 494 4254 Requisili
502 4188 597 4237 autem
607 4180 749 4251 quomodo
761 4184 868 4234 tautum
880 4179 970 4233 scelus
982 4178 1063 4233 nudis
1072 4183 1213 4248 patrarent
1224 4181 1365 4246 manibus,
1374 4197 1416 4249 prs

198 4286 294 4341 sertim
312 4303 376 4340 cum
394 4300 484 4353 neque
500 4282 614 4335 subulas
629 4281 749 4348 majores
761 4295 851 4349 neque
863 4278 979 4332 malleos
991 4278 1129 4332 marculos
1141 4294 1192 4332 nec
1204 4277 1311 4347 aliquid
1322 4279 1416 4334 officim

198 4385 304 4440 fabrilis
315 4401 409 4440 secum
420 4383 625 4450 haberentque
635 4384 693 4434 tam
706 4379 886 4433 fabrefactum
896 4378 1069 4432 destruerent
1079 4393 1155 4447 opus,
1162 4377 1266 4432 cultros
1276 4394 1311 4434 ex
1323 4378 1416 4433 manici

200 4483 379 4555 protulerunt,
390 4483 491 4552 quibus
503 4498 532 4535 se
545 4485 668 4535 actutum
686 4480 700 4511 *
721 4478 815 4533 omnia
832 4483 987 4547 perpetrare
1008 4476 1127 4530 confessi
1144 4481 1216 4531 sunt.
1234 4477 1342 4532 Servati
1359 4477 1416 4547 igitr

199 4597 287 4652 usque
299 4582 334 4635 ad
347 4587 455 4651 tempus
466 4581 571 4634 diurnae
588 4579 659 4634 lucis
670 4576 819 4632 venerabili
832 4580 1031 4647 praesentantur
1043 4574 1207 4630 Christiano.
1221 4574 1273 4642 Qui
1285 4576 1416 4631 sciscitato

200 4682 236 4735 ab
253 4682 300 4744 eis,
312 4680 379 4750 quid
391 4696 424 4734 cx
443 4679 564 4746 armillis,
582 4695 651 4749 quas
669 4678 742 4733 furto
754 4677 932 4740 abstulemnt,
943 4676 1070 4744 epissent,
1087 4690 1251 4744 responsum
1269 4675 1373 4745 accepit
1389 4688 1416 4728 ea
