3270 5400
59 343 63 347 “
140 352 232 402 aran.
252 350 333 403 aaa.
352 349 526 401 aunuum.
545 371 592 380 —
613 349 758 402 arpano.
776 350 823 401 eu
840 349 920 401 coo.
935 350 968 401 o.
982 349 1097 402 Purra.
1112 348 1188 403 rose.
1213 330 1286 402 493

57 557 121 595 cum
132 541 189 594 suis
201 541 304 596 victum
316 543 483 597 sufficienter
495 539 710 601 administrabat.
722 538 769 606 qui
781 539 817 592 ab
829 554 862 592 eo
876 545 931 592 tam
949 540 1070 608 corporis
1087 556 1171 608 quam
1183 539 1282 592 animae

57 640 174 694 salutem
184 647 325 695 sumentes
335 641 449 695 domum
458 625 512 696 laeti
525 640 695 694 remeabant.
704 639 783 692 Hunc
795 639 869 693 enim
878 643 961 692 tante
969 639 1150 692 clarissimum
1162 639 1287 692 nobilita-

56 738 92 791 tis
104 738 192 792 virum
206 738 339 808 plurimos
350 754 410 793 esse
428 744 589 808 prosecutos
600 738 705 793 licitum
723 741 765 790 est
775 739 886 791 credere
898 737 1067 802 remaculos‚
1085 743 1116 791 ut
1131 737 1175 791 cui
1186 738 1288 792 servie-

57 841 120 890 rant
132 838 160 891 in
172 838 312 892 mundana
324 839 454 902 claritate,
467 838 533 892 dum
545 838 635 891 iuerat
644 837 835 891 Romanomm
847 837 943 890 consul
961 841 989 891 et
1008 837 1145 906 patricius,
1154 839 1289 892 servirent

24 937 142 994 tetiam
161 937 190 990 in
207 936 308 991 Christi
324 937 478 1002 devotione,
501 936 548 1005 qui
570 953 635 990 mox
660 936 767 990 tuturus
790 941 849 989 erat
868 936 1136 990 Mediomatricorum
1152 937 1250 1005 praesul
1261 942 1289 990 et

57 1034 207 1104 apostolus.
220 1034 459 1103 Quemadmodum
473 1035 555 1089 etiam
569 1035 682 1101 Moyses
694 1035 820 1103 quamvis
832 1034 903 1088 tilios
915 1035 999 1088 lsrael
1014 1036 1040 1089 in
1057 1041 1158 1089 terram
1171 1035 1287 1104 promis·

57 1134 144 1188 sionis
159 1140 231 1188 esset
246 1134 461 1200 introducturus,
479 1152 535 1189 uon
554 1135 721 1202 procedebat
731 1134 784 1188 nisi
796 1134 924 1189 columna
936 1134 1004 1202 ignis
1016 1140 1091 1188 mota
1104 1136 1288 1203 praecederet;

58 1239 144 1302 utque
153 1233 241 1287 David
250 1240 348 1287 unctus
359 1250 405 1287 rex
417 1233 570 1288 aSamuele
579 1250 635 1288 non
644 1234 719 1303 prius
729 1234 842 1287 accessit
850 1249 933 1301 regno
943 1233 958 1286 J
961 1234 1036 1287 udeae
1047 1250 1130 1303 quem
1139 1240 1291 1303 pererraret

58 1333 166 1387 deserta
178 1333 315 1395 Ydumeae,
328 1333 366 1386 sic
378 1337 406 1387 et
422 1334 520 1387 beatus
537 1333 582 1387 ille
604 1333 708 1397 doctor,
730 1332 782 1386 nisi
803 1332 992 1401 presignassel
1009 1333 1119 1387 Domini
1136 1334 1290 1399 clementia,

10 1436 40 1486 tt
59 1432 161 1486 intrare
178 1432 321 1486 differebat
332 1432 493 1486 lietensium
510 1431 618 1486 moenia.
639 1430 719 1485 Enim
741 1447 806 1484 vero
830 1431 876 1500 qui
899 1432 1069 1485 voluntatem
1088 1431 1243 1486 timentium
1256 1449 1287 1487 se

59 1547 143 1600 quam
159 1530 279 1585 iuiuudit
296 1531 361 1585 iacit
378 1536 405 1584 et
422 1530 642 1599 deprecationem
654 1545 749 1584 eorum
763 1545 845 1597 quam
857 1529 972 1596 inspirat
989 1529 1107 1593 exaudit,
1120 1547 1153 1584 ea
1162 1547 1224 1599 qure
1235 1531 1286 1584 iste

59 1644 109 1697 pro
122 1644 234 1682 suorum
247 1630 334 1683 salute
346 1628 443 1698 petivit
451 1629 571 1682 velocius
580 1627 729 1682 exaudivit.

102 1725 163 1781 1x.
187 1725 327 1794 Siquidem
348 1726 391 1779 die
414 1726 534 1794 quadam
553 1725 673 1793 contigit,
684 1729 715 1778 ut
726 1740 850 1792 egressus
869 1723 996 1793 princeps
1014 1726 1089 1779 urbis
1110 1727 1287 1795 circumadja-

60 1828 152 1878 centes
170 1827 309 1892 expeteret
319 1822 402 1875 silvas
413 1821 550 1874 silvestres
562 1837 625 1875 cum
637 1820 751 1875 canibus
767 1819 824 1874 suis
841 1821 969 1887 agitando
982 1821 1061 1874 ieras.
1073 1821 1126 1887 Qui
1144 1823 1288 1877 offendens

12 1928 41 1976 ta
60 1924 237 1992 perpinguem
251 1936 361 1975 cervum
380 1919 427 1986 (1),
438 1918 615 1987 discopulatis
635 1919 748 1973 canibus
760 1919 955 1988 insequebatur
971 1935 1035 1973 eum
1053 1937 1140 1989 usque
1152 1922 1216 1974 dum
1229 1938 1291 1991 per·

59 2021 179 2075 venisset
191 2022 225 2073 ad
237 2018 396 2082 oratorium,
407 2018 456 2072 ubi
468 2019 564 2071 beatus
571 2019 613 2072 vir
622 2017 731 2071 assidue
740 2017 866 2085 pulsabat
876 2019 981 2072 caelum.
992 2018 1095 2073 Cervus
1104 2019 1150 2075 illo
1161 2020 1288 2089 fugiendo

59 2102 198 2173 divertens
216 2118 407 2180 delitescebat;
420 2133 501 2171 canes
522 2116 629 2170 eminus
647 2117 803 2169 modulatos
824 2116 938 2170 latratus
955 2117 1066 2181 dabant,
1077 2118 1126 2172 sed
1144 2119 1290 2188 appropin-

59 2232 144 2285 quare
153 2215 279 2269 cominus
299 2230 355 2267 non
366 2214 502 2267 velebant.
515 2213 643 2281 Princeps
655 2213 794 2267 admirans
805 2213 870 2282 quid
881 2215 1018 2268 acciderat
1030 2215 1102 2279 novi,
1115 2232 1185 2284 equo
1197 2216 1288 2271 desilit

59 2319 206 2370 etcausam
224 2313 349 2382 exquirit,
361 2312 530 2381 exquirendo
543 2315 668 2365 sanctum
681 2313 729 2366 Dei
750 2312 841 2366 subito
854 2329 903 2381 pro
921 2313 1027 2366 foribus
1046 2314 1165 2368 assidere
1186 2314 1288 2378 cernit;

10 2418 41 2469 2⁰
58 2413 160 2482 diuque
170 2412 284 2466 intuitus
296 2428 360 2466 eum
380 2412 491 2464 tandem
510 2410 634 2480 princeps
650 2412 725 2479 prior
744 2411 820 2464 infit:
835 2413 964 2478 Qrmmvie
979 2430 996 2465 a
1011 2414 1088 2467 nobie
1098 2421 1163 2466 tuus
1180 2416 1290 2480 differat

58 2514 174 2576 daddus,
186 2514 334 2566 reuerentia
347 2520 435 2564 tamen
455 2513 497 2562 tui
514 2513 603 2563 cultris
616 2511 817 2563 commendatis
836 2512 912 2563 uobis
931 2513 1047 2577 prorius.
1060 2512 1113 2564 Dic
1130 2530 1192 2579 erpo
1213 2514 1289 2567 nobis

59 2615 145 2666 locem
156 2614 200 2664 tui
214 2613 329 2678 pencris,
341 2627 451 2663 causam
464 2612 579 2674 itineris,
595 2610 703 2674 cujrrsee
722 2617 795 2662 secta
814 2610 951 2674 sanctorem
967 2609 1017 2663 *te
1028 2613 1137 2676 asseris,
1150 2619 1173 2664 et
1191 2628 1241 2664 cur
1259 2614 1289 2664 in
1358 2606 1372 2633 ⁹
1386 2606 1468 2670 Ρνίνθ

58 2713 120 2765 istis
131 2711 233 2763 resides
244 2711 332 2762 tocie?
341 2708 388 2760 Vir
400 2709 490 2776 itaque
502 2706 613 2761 Domini
625 2724 657 2760 er
671 2707 777 2776 placido
790 2717 919 2760 sermone·
929 2707 980 2761 viri
991 2725 1055 2761 suas
1071 2709 1212 2762 exauditas
1230 2725 1289 2763 esse
1333 2669 1491 2723 ‘mmmm'

58 2825 153 2879 preces
168 2807 321 2875 intelligens
333 2823 381 2874 pro
393 2805 487 2874 populi
499 2805 594 2869 salute,
611 2805 757 2874 respondet
769 2806 910 2859 modeste:
923 2808 1075 2861 Prudentia
1085 2811 1188 2861 traverit
1201 2816 1290 2862 uestra

10 2912 42 2962 25
59 2924 108 2961 uos
119 2923 175 2959 esse
186 2906 329 2969 Romanos,
338 2921 391 2972 pro
411 2911 499 2956 nestra
516 2905 603 2956 salute
614 2904 666 2955 buc
683 2904 822 2956 advenisse
841 2904 1005 2957 christianos
1017 2921 1070 2957 non
1080 2906 1154 2970 fictos
1171 2923 1234 2968 case,
1246 2907 1289 2958 iric

56 3021 110 3071 pro
130 3005 265 3056 corrununi
276 3004 362 3055 aalide
374 3002 430 3054 Deo
441 3016 546 3053 summo
557 3002 718 3067 supplicare.
733 2999 876 3068 Loquente
893 3001 1004 3055 Domini
1022 3003 1164 3056 sacerdote
1177 3003 1290 3057 vidisses

59 3118 141 3155 canes
157 3100 236 3154 humi
248 3099 433 3169 procubuisse,
448 3099 563 3152 latratus
580 3098 713 3160 omisisse,
725 3114 836 3152 cerrum
854 3116 869 3152 e
886 3099 996 3169 regione
1017 3101 1182 3169 intrepidum
1199 3107 1291 3166 stare;

59 3204 204 3254 venatores
221 3199 300 3253 valde
320 3199 375 3252 hoc
386 3203 502 3266 stupere.
515 3198 620 3251 Rursus
632 3197 757 3266 princeps
776 3199 861 3252 verba
873 3200 1022 3253 sacerdotis
1037 3200 1187 3268 suscipiens
1198 3202 1291 3255 subin·

58 3296 273 3350 iertzliomauos
285 3313 340 3349 esec
359 3297 482 3349 dorrunos
498 3312 592 3348 rerum
604 3297 727 3348 ’actenus
749 3303 772 3348 et
788 3313 951 3349 venmamm·
960 3317 972 3361 ,·
983 3299 1015 3350 de
1031 3300 1183 3352 christiana
1202 3302 1291 3353 condi·
1336 3298 1391 3376 *itt
1405 3313 1489 3363 marp.

10 3403 41 3455 3ο
58 3397 129 3449 tione
141 3398 320 3462 eciasparum
338 3395 426 3446 adbuc
437 3410 486 3447 noe
497 3395 613 3446 audisse.
623 3393 676 3446 Sed
689 3396 715 3446 si
731 3395 807 3446 salus
819 3396 1025 3461 dliquoeonstct
1042 3399 1072 3447 in
1084 3397 1134 3449 bru
1150 3399 1291 3465 religione,
1314 3379 1405 3431 'mma
1419 3378 1510 3413 ''mm“

57 3510 176 3561 presens
187 3494 312 3547 edissere.
322 3491 424 3545 Beatus
434 3491 559 3545 Clemens
568 3491 721 3560 respondit:
735 3493 868 3545 Humane
878 3496 1036 3559 ruysterium
1047 3496 1145 3547 salvetis
1156 3499 1292 3549 contineri

59 3595 189 3646 noveritis
201 3595 228 3644 in
247 3594 355 3645 ueritate
366 3593 449 3657 liujus
462 3593 608 3657 rdipionis.
620 3589 749 3658 Princeps
761 3591 812 3643 ait:
826 3591 856 3643 Si
868 3599 898 3642 ut
912 3592 988 3656 dicis,
998 3595 1157 3646 auctoritate
1170 3595 1292 3647 Romani

59 3694 179 3746 neminie
195 3707 330 3758 caereoque
346 3697 443 3744 rromrae
454 3692 552 3744 solutis
563 3691 702 3753 advenisti,
714 3706 875 3756 consequens
888 3697 926 3742 eet
943 3697 974 3742 ut
993 3691 1058 3743 urbi
1077 3700 1174 3745 nostre
1193 3710 1291 3760 appro-

55 3791 285 3858 pinquea,polam
306 3791 376 3842 lianc
395 3792 507 3843 salutem
519 3790 622 3841 cunctis
635 3789 959 3856 marrifeetes,praeertirrt
977 3806 1036 3842 cum
1061 3792 1178 3844 civitatis
1195 3799 1293 3847 nostra

10 3894 42 3946 ³5
59 3892 128 3943 cives
137 3892 255 3956 pessima
263 3890 395 3955 proflipat
407 3891 471 3953 lues,
484 3905 565 3955 qriam
573 3889 688 3956 pariens
704 3889 849 3954 rnortifera
862 3890 1027 3954 serpentium
1039 3890 1139 3942 soboles
1159 3891 1207 3943 dot
1220 3899 1292 3945 utro·

60 3989 140 4055 bique
148 3988 358 4040 innumerabiles
374 3989 513 4040 bominum
533 3987 794 4054 quadrupedumque
806 3993 918 4052 strapas.
938 3987 1005 4039 Veni
1021 3990 1051 4040 in
1063 3989 1155 4041 urbem
1178 4008 1195 4041 a
1215 3990 1293 4043 nobie

60 4088 237 4155 supplicatus,
249 4092 278 4138 ut
289 4093 374 4138 tecum
385 4087 461 4138 nobis
472 4087 561 4138 oerriat
575 4087 680 4139 Cbristi
696 4088 738 4138 tui
749 4087 832 4138 ealles.
845 4085 910 4138 Erat
918 4089 1010 4139 autem
1025 4085 1047 4138 is
1059 4086 1194 4154 princeps,
1206 4104 1293 4155 ‹ruan-

60 4188 120 4238 tum
139 4184 211 4251 apud
223 4183 345 4251 gentiles
359 4182 436 4250 quasi
448 4181 569 4235 medium
581 4185 677 4235 tenens
688 4183 802 4251 predum
819 4182 889 4235 iuter
907 4182 973 4236 vitia
990 4187 1017 4236 et
1029 4182 1144 4238 virtutes
1154 4204 1159 4238 :
1168 4185 1233 4252 quia
1242 4184 1292 4238 etsi
1313 4173 1315 4176 ⁴

61 4297 118 4335 non
127 4285 198 4334 esset
210 4280 361 4348 promptior
374 4280 407 4332 ad
419 4278 541 4342 virtutes,
554 4295 609 4331 non
629 4279 698 4332 adeo
710 4281 803 4332 lamen
820 4283 880 4332 erat
890 4280 925 4333 ad
946 4279 1013 4333 vitia
1023 4296 1151 4349 praeceps,
1163 4281 1294 4335 Conside-

10 4387 42 4443 ιο
59 4396 124 4433 raus
144 4379 235 4448 itaque
258 4379 393 4432 rationem
417 4377 575 4445 praeclaram
595 4377 624 4431 in
643 4377 772 4446 pontifice
797 4382 824 4431 et
843 4378 937 4433 vultus
954 4379 1128 4444 hilaritatem,
1146 4381 1294 4448 sollempni

59 4478 171 4532 licentia
179 4494 243 4531 eum
254 4476 416 4537 honoravit;
429 4480 512 4543 atque
521 4491 583 4528 cum
596 4476 650 4530 sibi
661 4492 790 4529 concessa
801 4475 949 4531 venatione
960 4476 1043 4531 rediit
1052 4478 1086 4531 ad
1098 4478 1199 4531 rnoenia
1210 4478 1294 4533 urbis.

94 4691 130 4758 (l)
142 4689 248 4745 Similia
261 4689 334 4758 leges
346 4687 375 4742 in
387 4688 443 4742 vita
454 4687 481 4743 S.
490 4687 594 4757 aegidii,
606 4687 633 4746 S.
645 4687 746 4743 Gisleui
759 4692 786 4742 el
798 4688 926 4744 aliorum.
