3270 5400
162 342 255 394 men.
272 340 354 394 nuo.
372 340 545 394 nnumin.
564 362 612 373 —
629 341 779 395 anenno.
797 344 844 395 nn
862 344 942 397 con.
957 344 990 396 n.
1006 344 1121 395 emon.
1136 341 1196 397 ata.
1222 322 1296 397 445

61 529 292 600 principes,multi
302 531 404 600 petiere
413 531 557 599 nobilium,
566 537 597 586 ut
606 533 630 568 ¹¹
639 537 779 587 contracto
789 533 890 587 toedere
900 533 1005 601 copulae
1014 531 1148 587 maritalis
1157 533 1188 598 ¹¹,
1198 533 1296 602 puellae

60 628 146 697 hujus
157 631 275 684 conubio
288 631 448 700 potirentur.
460 632 542 686 Pater
552 632 575 667 ¹¹
586 636 679 686 autern
692 632 770 699 ouius
784 633 808 667 ¹¹
818 632 968 701 praecordia
980 631 1057 700 impii
1069 633 1171 685 amoris
1183 633 1296 686 flamma

59 729 184 783 torrebat
191 730 223 795 ¹⁰,
237 730 380 784 recusabat
388 730 412 766 ¹¹
428 729 536 785 tradere
548 730 653 800 nuptui,
665 747 747 800 quarn
760 731 922 785 servabat¹¹
938 729 1062 797 incestui,
1080 747 1131 784 nec
1149 731 1260 786 volebat
1271 732 1296 765 ¹¹

59 829 199 898 suscipere
207 844 336 897 generum
345 829 377 894 ¹⁴,
390 829 433 883 cui
441 846 472 883 se
481 829 684 899 delegaverat¹¹
694 830 752 898 ipse
760 830 899 884 maritum.
911 829 1075 884 Ohumanae
1085 829 1206 883 libidinis
1218 831 1296 885 effre·

26 930 44 981 b
60 927 104 981 nis
120 927 264 996 impietas:
277 943 295 981 o
306 927 419 982 flamma
430 928 545 982 rationis
557 944 652 992 vorax,
664 929 813 997 impietatis
830 928 936 994 efficax,
951 928 1063 996 J'ustitiae
1084 929 1294 998 comsumptiva.

60 1025 274 1095 Praeponderant
291 1027 402 1081 affectui
413 1027 520 1096 pietatis
531 1027 668 1082 incentiva
679 1027 808 1093 libidinis,
827 1032 854 1081 et
865 1028 931 1081 dum
943 1027 1062 1095 paternis
1079 1026 1187 1096 ignibus
1199 1027 1234 1080 ab
1246 1027 1296 1082 illi·

60 1126 116 1180 cito
125 1125 217 1180 calore
225 1142 282 1180 non
290 1127 418 1196 parcitur,
427 1127 456 1182 in
466 1127 557 1182 filialis
564 1127 702 1196 pudicitiae
712 1127 856 1196 dispendia
867 1126 999 1180 transitur
1008 1126 1039 1179 ¹¹.
1051 1127 1160 1181 Dormit
1168 1126 1192 1161 ¹¹
1201 1127 1294 1196 itaque

59 1225 211 1294 imperator
226 1242 291 1281 cnm
308 1225 355 1280 illa
372 1243 455 1295 quam
474 1227 574 1295 genuit,
587 1230 615 1280 et
631 1243 690 1281 rem
702 1226 754 1280 sub
766 1225 873 1280 silentio
890 1230 985 1294 tegens
1002 1227 1131 1295 amplexu
1143 1226 1295 1295 stringebat

59 1324 167 1391 uxorio,
178 1340 263 1394 quam
274 1326 376 1379 affectu
391 1326 555 1380 credebatur
565 1326 652 1379 zelare
670 1330 784 1393 patemo
796 1325 828 1379 ¹¹.
841 1324 965 1394 Cumque
984 1325 1029 1379 illa
1046 1325 1080 1379 de
1092 1324 1178 1394 patris
1189 1325 1294 1379 semine

10 1425 43 1477 tt
60 1424 239 1493 concepisset,
248 1425 412 1479 adveniente
419 1425 564 1494 puerperio
572 1406 678 1494 peperit
686 1423 936 1493 masculum,qnem
946 1423 999 1477 sibi
1009 1424 1130 1488 tratrem,
1140 1424 1295 1494 patrique¹¹

60 1528 199 1593 nepotem,
216 1524 325 1593 utrique
331 1524 356 1559 ⁸⁰
367 1524 463 1588 tilium,
476 1525 595 1578 nefando
605 1524 628 1558 ¹¹
641 1524 789 1577 concubitu
806 1522 956 1591 generavit
967 1522 1112 1577 Animatus
1124 1528 1166 1577 est
1177 1528 1255 1592 pater
1267 1525 1294 1578 in

59 1621 210 1691 perniciem
227 1637 306 1675 nosae
324 1621 415 1691 prolis,
427 1628 455 1675 et
472 1622 507 1676 ad
525 1621 670 1676 celandum
688 1627 818 1675 eventum
839 1620 961 1675 criminis
973 1620 997 1655 ¹¹
1014 1637 1110 1675 necem
1129 1622 1295 1676 moliebatur

61 1718 182 1774 infantis.
190 1696 259 1775 Filia
267 1736 333 1775 vero
345 1721 479 1775 saevitiam
490 1721 575 1790 patris
586 1720 722 1774 sermonis
734 1725 762 1774 et
770 1720 872 1774 amoris
882 1719 1037 1789 frequentia
1048 1720 1073 1755 ¹⁸
1084 1721 1220 1790 frangens,
1229 1721 1294 1776 libe·

60 1817 132 1872 ravit
148 1819 184 1873 ab
200 1819 313 1873 interitu
329 1819 400 1888 regis
411 1820 436 1854 ¹¹
452 1824 557 1884 natum,
574 1820 696 1874 subitum
714 1820 739 1854 ’0
756 1820 894 1887 spondens
912 1818 946 1872 de
963 1818 1092 1873 facinoris
1110 1820 1293 1875 occultatione

10 1919 43 1969 rs
59 1917 222 1982 remedium,
233 1934 269 1972 ne
277 1919 302 1953 ’0
311 1924 374 1972 actu
385 1918 505 1987 patriset
516 1934 630 1972 assensu
641 1919 737 1973 matris
746 1918 772 1952 ¹¹
783 1918 906 1971 subitum
918 1916 990 1972 filius
1002 1918 1146 1972 sortiretur
1156 1934 1293 1974 occasum.

58 2015 132 2070 Inito
144 2032 208 2084 ergo
220 2016 334 2070 consilio
344 2017 473 2084 praetioso
482 2016 565 2086 pallio
575 2017 702 2071 amicitur
713 2017 737 2052 ¹⁸
749 2016 900 2070 infantulus
911 2016 944 2080 ¹¹,
954 2020 982 2069 et
993 2032 1126 2085 suspenso
1144 2017 1180 2071 ad
1191 2016 1293 2071 collum

60 2114 120 2183 ejus
130 2114 156 2150 ’0
166 2116 307 2184 marsupio
319 2116 432 2170 anulum
451 2121 478 2170 et
489 2131 588 2171 aureos
599 2117 757 2170 continente
769 2132 825 2169 non
837 2131 948 2184 paucos,
957 2114 1071 2169 invento
1082 2115 1176 2184 bajulo
1188 2116 1293 2170 adhibi·

58 2217 144 2283 taque
154 2214 268 2282 nutrice,
277 2218 354 2269 extra
363 2215 471 2283 imperii
479 2215 581 2269 limites
592 2215 709 2269 traditur
720 2214 913 2284 deportandus.

100 2310 136 2370 2.
159 2313 244 2382 igitur
252 2329 321 2383 puer
329 2313 427 2368 ductus
439 2318 480 2367 est
491 2314 521 2368 in
532 2314 688 2390 Unqariam,
697 2313 789 2383 ibique
799 2313 945 2381 exponitur
953 2330 1033 2367 secus
1042 2313 1124 2380 viam,
1136 2314 1183 2368 ubi
1193 2315 1202 2348 ¹
1212 2312 1292 2367 iacile

10 2412 41 2465 tt
58 2425 76 2463 a
86 2410 293 2464 transeuntibus
304 2414 346 2463 est
356 2415 488 2478 repertus.
500 2409 625 2477 Quicum
637 2410 808 2464 invenissent
819 2425 893 2475 eum,
901 2410 993 2465 mirati
1002 2410 1013 2445 ¹
1022 2415 1086 2464 sunt
1094 2410 1174 2464 valde
1186 2409 1292 2479 elegan-

57 2510 127 2563 tiam
134 2509 352 2578 contemplantes
360 2509 473 2563 infantis
481 2509 501 2574 ¹,
511 2510 631 2563 maxime
640 2508 706 2577 quia
717 2508 838 2563 illiserat
846 2509 991 2562 amicitns⁴
1000 2508 1122 2577 insigniis
1130 2508 1149 2573 ¹,
1161 2525 1221 2578 quae
1229 2524 1291 2562 con·

57 2606 147 2676 spicui
154 2608 416 2677 germinis¹indicia
424 2607 606 2677 praeterebant
615 2608 634 2662 ¹.
644 2607 750 2662 Placuit
760 2607 949 2661 inventoribus
955 2607 1012 2676 regi
1022 2608 1127 2662 deterre
1137 2607 1290 2676 puerulum,

58 2711 90 2761 ut
101 2706 149 2777 qui
161 2707 369 2761 circumferebat
377 2708 390 2742 ¹
398 2713 512 2761 ornatus
520 2707 663 2775 stipendiis
673 2709 825 2761 traderetur
833 2706 970 2776 regalibus
980 2707 1147 2762 educandus.
1155 2707 1216 2760 Rex
1225 2723 1290 2761 vero

58 2820 122 2860 cum
138 2822 195 2861 non
205 2805 321 2861 haberet
337 2806 433 2871 filium,
446 2808 528 2860 talem
546 2806 662 2860 miratus
674 2810 716 2860 est
727 2807 739 2842 ¹
750 2807 902 2860 inventum.
914 2806 1040 2876 Suscepit
1048 2823 1112 2860 eum
1126 2807 1150 2841 ¹⁰
1160 2806 1292 2875 hylariter

10 2904 41 2955 tt
58 2904 135 2960 velut
144 2905 166 2939 ¹¹
175 2904 228 2958 sibi
239 2904 371 2959 divinitus
388 2904 553 2959 destinatum
568 2925 574 2959 :
585 2908 715 2973 reputans
728 2904 826 2958 divinae
839 2905 1048 2974 dispensationis
1061 2906 1084 2939 ¹¹
1096 2921 1178 2974 opere
1195 2922 1292 2974 procu-

58 3001 121 3069 rari,
131 3008 162 3057 nt
171 3020 221 3072 per
232 3019 373 3057 meessum
385 3004 482 3058 alienae
499 3004 603 3058 sobolis
614 3003 740 3057 solamen
751 3003 867 3072 propriae
876 3005 1009 3072 reciperet
1019 3004 1152 3058 orbitatis.
1164 3004 1292 3059 Commu-

57 3102 150 3156 nicato
158 3102 273 3170 proinde
282 3119 345 3156 cum
355 3118 440 3157 uxore
450 3102 564 3157 consilio
574 3103 733 3172 praedictum
743 3101 877 3156 infantem
889 3093 1031 3172 adoptavit
1040 3103 1068 3156 iu
1077 3103 1172 3167 silium,
1181 3108 1209 3157 et
1218 3119 1291 3157 novo

57 3200 87 3255 in
96 3201 168 3269 regis
181 3201 205 3235 ¹¹
220 3201 351 3256 thalamis
369 3201 513 3272 puerperio
526 3201 656 3256 simulato
675 3202 706 3266 ¹⁴,
723 3201 827 3255 facturn
841 3200 864 3236 ¹⁶
876 3200 904 3254 in
916 3202 1045 3270 opinione
1062 3202 1166 3270 vulgari
1178 3207 1208 3256 ut
1220 3203 1292 3257 iilius

57 3297 206 3368 adoptione
217 3300 348 3369 quaesitus
359 3300 393 3354 de
405 3301 476 3369 regis
488 3301 644 3354 crederetur
655 3299 760 3354 semine
773 3303 939 3368 procreatus.

10 3396 40 3449 30
98 3395 134 3454 3.
158 3398 244 3468 Coepit
264 3415 328 3467 erqo
340 3414 408 3467 puer
424 3401 481 3451 tam
492 3396 595 3452 viribus
605 3399 615 3433 ¹
626 3398 720 3468 augeri
732 3415 815 3467 quam
834 3398 931 3452 diebus
943 3398 963 3462 ¹,
975 3401 1003 3451 et
1015 3397 1143 3452 lomentis
1154 3396 1291 3465 regalibus

57 3654 91 3665 —
103 3625 127 3661 ¹⁸
139 3625 204 3680 ins.
216 3653 247 3664 -
260 3625 284 3660 ¹¹
296 3627 400 3680 utudd.
412 3626 436 3679 3.
452 3654 481 3663 —
493 3625 646 3695 ¹⁸patrist.
658 3653 691 3662 -
704 3626 727 3660 ¹¹
744 3626 803 3693 cJus
819 3626 844 3679 a.
868 3654 891 3663 -
912 3626 937 3660 ¹⁰
954 3629 982 3678 et
999 3627 1060 3679 odd.
1077 3625 1101 3678 t.
1119 3654 1151 3663 -
1168 3626 1193 3660 ¹¹
1210 3626 1303 3680 istam

57 3708 122 3761 odd
132 3708 158 3762 l.
170 3735 202 3745 —
214 3706 239 3741 ¹¹
251 3707 410 3760 reservabat
421 3709 445 3761 5.
454 3735 486 3746 -
498 3707 522 3741 ¹¹
534 3723 567 3761 ex
579 3707 636 3760 tilia
647 3710 709 3761 odd.
721 3708 746 3770 l,
754 3709 778 3761 5.
790 3736 818 3745 -
833 3707 857 3741 ¹⁴
869 3710 907 3760 ito
917 3708 961 3761 ib
968 3726 975 3770 ;
987 3706 1103 3775 gratiam
1113 3708 1177 3761 1.-
1187 3707 1210 3742 ¹¹
1220 3708 1291 3761 dele·

57 3793 136 3858 gerat
146 3790 171 3855 t,
181 3790 260 3852 baed
270 3792 301 3842 in
312 3790 419 3856 tpriua
428 3789 581 3858 delegaram
595 3789 734 3857 delegarat
745 3791 769 3853 3,
780 3791 804 3842 5.
818 3818 849 3827 —-
861 3789 885 3824 ’0
897 3789 1077 3857 pertransitur
1087 3790 1136 3843 25.
1148 3819 1182 3827 -
1192 3790 1217 3824 ¹¹
1229 3791 1291 3844 dor-

56 3868 139 3922 mivit
149 3870 201 3923 aa.
212 3898 245 3907 -
257 3869 282 3903 ¹⁸
293 3869 426 3936 (effi-pat.)
438 3886 459 3921 z.
471 3885 494 3922 c.
505 3886 530 3922 a.
543 3885 569 3937 p.
581 3870 605 3922 3.
618 3897 648 3908 -·
661 3870 686 3905 ’0
697 3870 768 3939 patri
785 3871 838 3923 t-b.
857 3901 889 3909 —
906 3870 931 3904 ’0
948 3874 987 3924 ito
1004 3870 1067 3932 a5;
1084 3874 1200 3939 uterque
1219 3872 1240 3924 l.
1259 3899 1290 3909 —

57 3950 82 3984 ¹¹
93 3950 215 4005 infausto
226 3952 276 4005 ab.
288 3978 318 3990 -
332 3950 357 3984 ¹¹
369 3951 397 4003 in
410 3953 472 4005 odd.
484 3952 508 4004 3.
525 3978 559 3988 -
575 3951 600 3985 ³¹
612 3952 751 4005 blanditiis
762 3953 813 4005 25.
825 3985 858 3992 -
869 3952 894 3986 ⁸¹
905 3968 1000 4007 recens
1011 3953 1065 4006 t-5.
1078 3980 1111 3992 —
1122 3952 1147 3987 ¹¹
1159 3969 1213 4007 orn.
1222 3953 1246 4006 3.
1258 3983 1291 3992 —

56 4032 83 4067 ⁸¹
94 4048 146 4087 nec
157 4034 181 4087 5.
194 4062 225 4071 -
234 4032 259 4067 ¹¹
270 4034 306 4098 (a.
316 4034 365 4099 m.)
374 4049 412 4086 m.
424 4048 448 4086 a.
459 4034 484 4086 t.
496 4061 527 4070 -
536 4032 561 4067 ³⁸
569 4036 654 4100 priua
666 4035 801 4103 amicytur
815 4037 836 4088 1.
849 4066 881 4075 -
894 4035 919 4070 ’0
930 4050 998 4102 puer
1009 4036 1034 4088 t.
1048 4063 1080 4071 —
1091 4035 1117 4069 ’0
1128 4052 1177 4088 om.
1190 4035 1214 4088 3.

90 4115 162 4170 Nure.
174 4115 198 4170 ἰ
210 4144 242 4153 -
252 4115 262 4149 ¹
272 4119 305 4178 (e.
314 4132 335 4170 s.
348 4131 374 4169 v.
386 4115 424 4182 u.)
434 4115 573 4184 expositus
586 4134 607 4170 s.
619 4133 644 4169 v.
656 4118 688 4179 t;
702 4116 807 4186 positus
819 4134 840 4171 s.
854 4135 879 4172 v.
887 4118 912 4182 t,
923 4119 988 4180 5;e.
998 4134 1019 4170 s.
1031 4133 1057 4170 v.
1070 4122 1097 4170 et
1108 4117 1132 4170 3.
1141 4117 1194 4155 -¹
1206 4118 1290 4171 admi·

56 4197 111 4252 rati
122 4198 179 4263 3,b.
189 4197 282 4260 -¹(e.
291 4213 315 4252 o.
324 4197 351 4262 i.)
362 4196 379 4252 i.
391 4214 415 4251 e.
432 4213 455 4251 c.
466 4198 490 4252 l.
503 4226 534 4235 -
545 4198 618 4252 ⁴om.
630 4199 654 4262 t,
666 4200 699 4261 t;
712 4203 823 4266 opertus
834 4200 866 4263 3;
879 4199 1024 4264 (illis-am.)
1034 4199 1081 4252 illa
1093 4203 1209 4267 praeerat
1219 4200 1244 4253 5.
1260 4228 1290 4237 -

56 4279 234 4349 ¹insignibus
245 4280 269 4344 i,
280 4281 346 4334 b.-
361 4279 491 4347 ¹sseueris
502 4280 528 4345 3,
537 4281 562 4334 5.
580 4309 611 4318 -
631 4281 642 4314 ¹
660 4283 722 4335 Post
739 4284 798 4349 ayll.
816 4282 856 4334 ier
873 4284 964 4336 littera
982 4299 1063 4335 masa
1084 4281 1107 4334 1.
1124 4312 1156 4321 -
1174 4281 1186 4315 ¹
1202 4283 1291 4351 regios

56 4361 122 4415 odd.
132 4360 157 4425 3,
168 4360 193 4413 5.
204 4386 237 4398 -
246 4358 259 4394 ¹
269 4376 330 4427 sup.
341 4361 390 4413 lin.
406 4361 465 4413 otia
484 4376 569 4413 manu
582 4361 594 4413 1
606 4379 613 4423 ;
625 4378 675 4414 om.
689 4361 713 4425 3,
724 4362 756 4423 4;
768 4361 815 4426 (m.
825 4363 860 4428 e.)
872 4361 988 4414 miratur
1005 4362 1030 4413 5.
1049 4388 1080 4398 -
1094 4361 1118 4395 ¹⁰
1128 4378 1179 4414 om.
1196 4361 1247 4415 ‘2-5.
1258 4391 1290 4399 —

56 4442 81 4477 ¹¹
100 4446 236 4509 tanquam
252 4440 277 4495 t.
292 4468 324 4478 -
336 4440 360 4475 ¹¹
372 4441 437 4506 (div.
443 4440 504 4506 dis.)
515 4441 564 4494 dis
577 4443 600 4507 ⁰2,
613 4442 644 4504 3;
657 4442 852 4510 dispensatoris
863 4444 880 4497 3
891 4464 897 4505 ;
912 4443 966 4496 hoc
982 4443 1031 4496 dis.
1043 4445 1067 4497 5.
1080 4472 1112 4480 -
1124 4443 1147 4477 ¹¹
1158 4444 1258 4512 reginae
1266 4446 1290 4509 t,

52 4524 116 4589 bb.
129 4550 160 4560 -
174 4522 197 4557 ¹¹
205 4520 329 4576 Albanus
339 4523 454 4590 parvulo
466 4538 569 4576 nomen
578 4523 770 4592 appellationis
781 4524 931 4592 imponitur
939 4530 965 4578 ct
976 4526 1039 4579 add.
1051 4526 1075 4591 t,
1086 4525 1111 4589 3,
1122 4525 1147 4591 5,
1159 4528 1189 4578 in
1199 4526 1216 4578 t
1228 4527 1290 4579 add.

51 4609 86 4661 in
95 4622 185 4672 moro.
197 4632 229 4644 -
242 4604 265 4639 ¹¹
277 4609 320 4659 est
328 4606 391 4659 odd.
403 4605 426 4670 t,
437 4605 454 4657 4
465 4623 472 4670 ;
484 4605 643 4673 factumque
658 4610 700 4658 est
710 4608 735 4660 5.

87 4687 158 4741 Nutu
169 4688 194 4741 3.
207 4718 238 4727 -
252 4687 261 4721 ’
274 4686 371 4740 diebus
382 4687 432 4739 tis.
445 4714 475 4724 -
485 4686 498 4720 ¹
509 4685 613 4740 viribus
624 4688 648 4751 t,
657 4687 688 4750 3;
702 4685 826 4741 moribus
836 4688 860 4752 l,
871 4689 896 4740 5.
