3270 5400
600 687 747 755 NOTA.

495 904 535 958 Dn
553 920 655 959 severo
672 904 848 960 llouuonmo.

92 1065 155 1136 Pag.
172 1068 196 1130 6,
207 1067 259 1131 39⁰,
271 1064 402 1135 scriptum
412 1066 536 1121 osthane
547 1067 854 1124 S.ltummoliniVita1n
868 1070 1002 1124 edendam
1015 1085 1075 1125 esse
1087 1075 1164 1126 tomo
1175 1071 1212 1127 VI
1220 1072 1290 1127 Ana·

60 1165 202 1220 lectorum.
212 1167 304 1233 Quum
324 1183 389 1220 vero
407 1182 468 1220 eam
485 1166 542 1220 iere
555 1171 641 1222 totam
651 1168 787 1238 losephus
799 1168 984 1237 Ghesquierus
997 1169 1142 1224 inseruerit
1153 1170 1182 1225 in
1193 1187 1244 1225 suo
1256 1171 1290 1225 de

60 1267 155 1316 sancto
167 1262 349 1317 llummoliuo
361 1264 560 1318 commentario
573 1264 618 1330 (l),
629 1265 716 1318 satius
728 1265 780 1319 erit
790 1266 836 1319 hio
848 1266 942 1321 sedulo
956 1266 1039 1336 ipsius
1050 1267 1120 1322 Vitae
1131 1267 1290 1323 continuam

61 1360 159 1416 seriem
172 1365 305 1416 annotare
317 1362 442 1416 addendo
456 1379 559 1431 eaquae
571 1348 757 1432 Ghesquierus
768 1365 922 1420 omittenda
930 1364 1070 1433 judicavit

64 1626 192 1700 Incipit
215 1628 295 1690 vita
319 1629 437 1691 sancti
462 1632 683 1691 Mummollnt
711 1630 925 1692 contessoris
953 1633 1057 1705 culus
1081 1632 1212 1693 testum
1235 1636 1293 1694 eat

464 1734 565 1791 xV11
588 1733 644 1790 Kl.
667 1730 891 1791 Novembris.

107 1921 139 1976 1.
164 1919 300 1988 Tempore
312 1935 366 1987 quo
378 1935 427 1973 rex
436 1919 592 1983 Lotharius.
602 1921 674 1976 iilius
688 1922 817 1976 ludovici
833 1921 911 1991 regis,
920 1923 995 1991 regni
1007 1921 1173 1977 Francorum
1186 1939 1295 1978 monar-

64 2018 155 2072 chiam
165 2017 283 2080 tenebat,
290 2026 345 2069 tres
352 2016 402 2069 viri
410 2015 737 2083 religiosi,lllummolinus
745 2016 878 2083 videlicet,
884 2017 1011 2071 Bertinus
1019 2022 1101 2087 atque
1110 2018 1296 2083 Bertramnus,

31 2127 47 2176 5
65 2116 187 2169 exientes
198 2131 215 2168 a
226 2113 336 2168 civitate
349 2113 516 2177 Constantia,
527 2131 589 2182 quae
599 2116 705 2183 adjacet
716 2115 881 2184 Mogontinae
891 2116 1046 2184 provincie,
1056 2116 1083 2170 in
1092 2122 1184 2185 partes
1192 2132 1296 2170 conve·

65 2217 172 2276 nerunt,
184 2212 212 2266 in
224 2211 324 2281 quibus
336 2213 420 2265 verbo
434 2212 634 2281 praedicationis
650 2213 722 2267 lilios
740 2218 909 2282 generarent,
918 2231 988 2282 quos
1000 2216 1057 2269 Deo
1069 2232 1178 2270 summo
1188 2214 1297 2284 patrita·

65 2311 156 2365 milies
168 2311 196 2364 in
206 2311 312 2365 lucrum
330 2315 565 2379 repraesentarent.
574 2311 626 2365 Sed
641 2317 752 2366 sanctus
764 2313 941 2367 Bertramnus
954 2318 1037 2382 atque
1049 2313 1176 2367 Bertinus
1185 2315 1298 2368 beatum

68 2410 277 2465 illummolinum
290 2410 318 2463 in
336 2415 441 2478 patrem
460 2410 512 2464 sibi
531 2412 678 2480 elegerunt,
696 2413 740 2467 cui
758 2412 855 2466 humili
874 2413 1020 2466 devotione
1037 2412 1258 2481 subjiciebantur,
1271 2417 1300 2467 et

68 2509 210 2562 caritativo
223 2510 323 2563 affectu
337 2510 544 2564 venerabantur.
558 2510 592 2563 lii
604 2510 739 2578 siquidem
753 2527 815 2565 cum
828 2511 956 2579 primitus
968 2512 1084 2565 verbum
1103 2511 1165 2565 vite
1176 2527 1225 2581 per
1237 2510 1299 2566 Gal-

16 2620 49 2672 to
67 2608 129 2662 liam
151 2608 284 2662 instanter
302 2607 519 2671 disseminarent,
541 2609 715 2662 adhaeserunt
734 2608 773 2662 eis
791 2609 882 2678 plures
901 2608 951 2662 viri
971 2608 1098 2679 religiosi,
1115 2608 1163 2677 qui
1183 2626 1199 2664 a
1217 2610 1299 2663 beato

67 2707 274 2762 Mummoliuoa
287 2723 368 2760 mane
386 2724 473 2774 usque
491 2708 524 2760 ad
542 2724 683 2777 vesperam
702 2712 810 2762 aeternae
830 2708 892 2762 vitre
909 2707 1016 2777 pabulis
1032 2707 1235 2763 reficiebantur.
1245 2708 1301 2762 Nec

68 2807 159 2860 minus
169 2821 278 2875 quoque
291 2805 404 2874 palatini
417 2822 543 2875 proceres
555 2807 712 2861 intermissa
724 2808 759 2861 ad
769 2812 877 2876 tempus
892 2808 975 2877 regali
988 2807 1120 2862 servitute
1132 2807 1167 2861 ad
1179 2823 1226 2861 eos
1238 2823 1301 2861 con-

70 2905 199 2969 fluebant,
209 2921 360 2974 eorumque
371 2906 523 2959 modestam
538 2907 777 2962 conversationem
789 2907 898 2961 inrecte
911 2907 1028 2961 vivendo
1038 2907 1073 2961 ad
1083 2907 1240 2975 exemplum
1249 2906 1302 2961 sibi

70 3006 253 3074 proferebant.
266 3005 300 3058 Et
311 3005 421 3074 quidem
434 3005 499 3074 quia
511 3005 584 3060 beati
596 3006 769 3061 Mummolini
781 3009 981 3062 exhortationis
991 3008 1125 3078 frequenti
1135 3008 1302 3062 irradiaban-

20 3115 53 3164 to
70 3111 115 3160 tur
130 3104 236 3172 jubare,
250 3120 306 3158 non
323 3107 430 3158 tantum
452 3105 486 3158 de
507 3104 608 3159 terreni
626 3106 696 3174 regis
714 3107 872 3161 transitoria
891 3107 1030 3171 servitute,
1050 3123 1146 3161 verum
1167 3108 1250 3161 etiam
1269 3106 1304 3161 de

72 3203 186 3260 caelostis
203 3203 265 3257 vite
283 3203 401 3257 essentia
421 3204 517 3258 sedula
535 3206 691 3259 tractabant
702 3206 947 3275 praemeditatione.
959 3207 1007 3259 Vir
1019 3206 1119 3276 quippe
1137 3206 1303 3259 venerabilis

72 3305 230 3373 frequenter
249 3303 288 3355 eis
308 3303 441 3356 recitabat
461 3303 528 3357 illud
549 3304 745 3374 evangelicum,
767 3306 901 3359 mundum
922 3305 1048 3359 videlicet
1068 3321 1130 3359 cum
1151 3304 1227 3359 omni
1245 3304 1304 3372 ejus

73 3401 293 3471 concupiscentia
304 3417 364 3455 esse
375 3402 534 3470 periturum,
543 3419 657 3472 regnum
669 3409 760 3457 autem
775 3404 884 3458 Domini
895 3404 923 3458 in
933 3409 1066 3458 aeternum
1076 3418 1246 3457 mansurum.
1254 3400 1305 3456 His

73 3499 208 3569 siquidem
218 3504 246 3553 et
258 3498 318 3552 aliis
329 3499 468 3568 scripturae
482 3499 698 3554 institutionibus
709 3500 791 3569 longo
811 3506 966 3570 temporum
979 3499 1113 3554 curriculo
1126 3499 1209 3553 corda
1220 3515 1304 3567 popu-

23 3607 56 3659 ιο
74 3600 163 3654 lorum
176 3598 303 3662 excoluit,
322 3598 526 3667 multorumque
543 3603 651 3655 mentes
663 3600 698 3653 ad
715 3603 845 3653 aeternam
865 3599 981 3669 patriam
1002 3598 1130 3663 incitavit,
1149 3597 1212 3667 quia
1230 3598 1306 3666 quod

75 3698 241 3767 predicabat
259 3698 350 3762 verbo,
362 3698 487 3766 sequenti
498 3714 563 3752 mox
577 3698 704 3767 explebat
715 3699 849 3768 exemplo.
861 3699 940 3753 Unde
957 3696 1070 3768 configit
1081 3702 1112 3751 ut
1123 3698 1193 3751 miro
1205 3698 1306 3752 affectu

76 3801 216 3852 amaretur
232 3797 262 3851 in
272 3796 382 3865 populo,
402 3797 500 3850 humili
512 3797 683 3865 subjectione
701 3798 884 3852 honoraretur
900 3798 928 3852 in
948 3798 1029 3861 clero,
1047 3802 1075 3851 et
1093 3795 1163 3866 regis
1182 3793 1306 3849 Lotharii

76 3913 157 3951 aures
167 3897 224 3964 jam
237 3897 358 3966 pulsarct
370 3897 428 3964 ejus
440 3896 547 3951 eximiae
560 3897 776 3952 conversationis
787 3898 884 3951 crebra
895 3896 998 3967 opinio.
1011 3896 1063 3963 Qui
1082 3899 1222 3965 comperta
1234 3893 1307 3949 illius

77 3997 223 4050 sanctitate
235 4000 265 4049 ut
276 4000 342 4059 erat,
359 4011 425 4050 mox
438 4012 501 4049 eum
513 3995 569 4049 suis
590 4000 679 4050 astare
695 3996 777 4063 J’ussit
794 3996 992 4066 conspectibus,
1004 4010 1114 4049 summa
1134 3998 1308 4063 perscrutans

27 4103 60 4154 25
77 4094 225 4163 diligentia,
243 4095 319 4163 cujus
332 4099 403 4148 esset
414 4095 547 4149 oriundus
565 4095 658 4164 patriae
670 4094 714 4149 rel
727 4112 759 4149 ex
772 4113 827 4165 qua
840 4100 984 4150 concretus
1003 4094 1140 4163 progenie.
1157 4093 1194 4147 At
1211 4092 1256 4148 ille
1272 4108 1308 4147 ne

77 4194 288 4248 rememorando
306 4211 362 4248 suae
380 4193 531 4249 nobilitatis
543 4194 666 4263 quolibet
683 4199 747 4265 typo
765 4195 900 4265 superbire
919 4198 1085 4258 moveretur,
1097 4193 1206 4248 reticuit
1217 4208 1309 4263 prosa·

78 4291 341 4360 piam,sedtantu1n
354 4291 474 4345 natalem
487 4290 619 4345 indicavit
629 4291 808 4362 provinciam.
820 4292 896 4358 Sum,
914 4290 1010 4359 inquit,
1024 4292 1236 4345 Constantianam
1246 4290 1311 4343 eloi·

78 4394 144 4444 tatis
162 4407 249 4458 prope
265 4391 369 4443 Renum
389 4393 445 4444 sila
461 4408 564 4458 qaum,
582 4399 605 4445 et
625 4392 675 4444 sub
697 4398 788 4445 sancto
808 4391 938 4444 Errataaio
956 4391 1137 4443 Luxociensis
1153 4389 1312 4443 monosterii

80 4490 180 4554 abbate,
192 4491 327 4557 discipulo
341 4493 428 4543 eoacti
447 4491 605 4544 tlolumbani
625 4491 775 4558 Sootipenoe,
791 4491 972 4557 famosissimi
992 4490 1095 4542 Christi
1112 4489 1312 4554 malefactum

10 4652 17 4671 ι
30 4595 62 4649 aa
80 4589 265 4642 monachicam
282 4590 359 4655 lonpo
377 4590 447 4642 duxi
457 4597 580 4657 tempore,
598 4591 645 4643 sed
656 4606 728 4643 nunc
740 4596 770 4643 ut
781 4606 848 4643 one
861 4590 1094 4657 pereqrinotionia
1105 4589 1232 4643 meritum
1243 4587 1313 4641 milri

114 4787 152 4855 (1)
164 4789 223 4843 Act.
235 4789 283 4844 SS.
292 4790 389 4856 Belpir',
400 4792 468 4842 tom.
477 4787 520 4854 ill,
532 4804 557 4855 p.
568 4787 619 4841 393
632 4802 690 4857 sqq.

181 4903 275 4947 caran.
293 4903 375 4943 naor.
392 4903 417 4942 r.
434 4903 462 4941 11.
