3270 5400
321 325 395 398 468
662 332 788 397 caran.
816 343 919 395 cona.
947 341 1223 395 uucrocnarurc.

321 529 409 584 visum
434 534 476 584 est
492 530 544 584 illis
562 546 618 584 non
630 530 702 585 ultra
718 535 814 585 contra
832 531 1001 586 Sarracenos
1019 532 1103 601 Syriae
1122 530 1355 601 progrediendum
1370 550 1378 596 ;
1396 548 1460 586 cunr
1478 533 1517 587 illi
1531 533 1557 587 in

320 628 460 698 Hyspania
475 630 530 683 sibi
542 631 669 685 essentia
682 631 886 686 offendiculum.
896 630 1020 686 Tandem
1030 634 1093 700 post
1102 631 1206 685 multos
1219 636 1248 685 et
1258 632 1355 701 longos
1369 632 1556 687 assultuscum

321 744 421 798 magno
440 729 534 782 labore
551 729 699 784 auxiliante
718 730 805 799 gratia
822 730 914 785 divina
931 731 1026 784 civitas
1045 731 1160 798 capitur,
1188 730 1330 784 Sarraceni
1352 731 1557 797 interficiuntur,

321 828 520 893 venundantur,
532 830 704 898 expelluntur
715 834 742 883 et
754 829 849 884 civitas
859 834 917 885 tota
928 829 1086 884 mundatur.
1095 829 1246 900 Episcopus
1257 829 1285 884 iu
1298 829 1411 884 civitate
1421 831 1557 885 constitui·

320 929 373 992 tur,
384 926 505 981 ecclesiae
515 934 719 998 componuntur
730 933 758 983 et
767 929 855 983 clerus
868 928 1020 984 ordinatur.
1208 915 1209 918 ¹
1570 935 1584 985 tt

362 1024 396 1084 6.
421 1026 504 1096 lgitur
516 1043 579 1081 cum
588 1043 636 1080 rex
645 1027 837 1082 Aldefuususa
848 1026 1012 1081 relatoribus
1021 1027 1151 1092 audisset,
1160 1027 1235 1096 quod
1248 1027 1348 1081 beatus
1357 1027 1521 1083 Vincentius
1532 1029 1557 1082 in

318 1123 458 1192 jamdicta
470 1123 586 1177 ecclesia
595 1125 674 1191 juxta
685 1124 841 1178 Valentiam
853 1123 975 1193 sepultus
987 1123 1148 1193 quiesceret,
1166 1139 1229 1177 cum
1241 1139 1344 1193 magno
1357 1125 1486 1193 equitatu
1499 1125 1557 1179 ibae

320 1223 447 1291 perrexit,
457 1221 589 1291 quaesivit,
599 1227 627 1276 et
635 1238 692 1276 non
701 1222 885 1290 invenit,quia
893 1222 1015 1276 nondum
1025 1226 1137 1276 venerat
1146 1225 1255 1291 tempus
1264 1222 1556 1292 inveniendiQuidam

319 1327 413 1376 autem
425 1322 566 1391 presbyter
583 1321 611 1375 in
624 1322 733 1376 civitate
746 1322 859 1391 praelata
877 1321 1051 1391 parrochiam
1071 1322 1208 1391 quandam
1227 1322 1349 1389 tenebat,
1361 1323 1447 1378 rebus
1459 1339 1557 1394 pauper

307 1420 368 1490 ⁴sed
386 1421 491 1475 meritis
504 1420 588 1475 dives.
600 1421 665 1474 Erat
676 1421 750 1475 enim
767 1421 864 1488 justus,
876 1420 1005 1475 incedens
1022 1421 1051 1474 in
1068 1420 1197 1476 omnibus
1208 1422 1354 1476 ‘mandatis
1373 1423 1485 1477 Domini
1502 1424 1555 1477 sine
1570 1428 1596 1480 tt

320 1520 439 1588 querela.
452 1520 560 1573 Etcum
573 1519 725 1588 simplicem
738 1524 766 1574 et
777 1535 875 1588 puram
888 1519 1046 1588 frequenter
1057 1520 1159 1574 iaceret
1172 1520 1335 1588 orationem,
1344 1521 1468 1590 quadam
1481 1527 1555 1576 nocte

321 1619 350 1672 in
362 1619 468 1672 risione
481 1618 576 1688 capitis
584 1619 627 1672 sui
637 1619 705 1674 uidit
714 1619 805 1673 virum
817 1618 990 1672 assistentem
1003 1619 1056 1672 sibi
1068 1623 1096 1673 et
1107 1619 1241 1673 dicentem
1256 1639 1263 1675 :
1275 1622 1365 1689 Surae
1376 1624 1454 1677 adae
1465 1629 1489 1675 et
1496 1639 1555 1689 pre·

315 1734 394 1786 pera,
404 1726 428 1771 et
437 1720 504 1772 aude
512 1719 562 1772 tibi
571 1721 623 1771 iter
632 1721 777 1784 marinum,
787 1725 811 1772 et
820 1735 907 1785 quaere
916 1726 1038 1771 sanctum
1049 1726 1196 1785 martyrem
1210 1719 1392 1774 l'iuceute'um.
1403 1722 1438 1775 Ia
1447 1722 1554 1776 basilico

319 1819 389 1870 euim
403 1819 603 1885 quiesctrjuara
616 1819 708 1871 urbem
725 1818 874 1871 Valentiam
887 1834 963 1871 secus
975 1819 1063 1870 maris
1072 1825 1189 1885 portetur.
1208 1819 1329 1885 Cumque
1341 1837 1404 1873 eum
1417 1823 1554 1885 inserueris,

319 1917 350 1968 ia
361 1917 431 1969 lraue
442 1919 573 1970 ciuitatem
591 1918 744 1985 deportabis
761 1926 784 1970 et
802 1920 854 1971 erit
870 1920 934 1970 leuia
950 1919 1053 1971 ciuitati
1062 1919 1195 1984 paudium
1207 1924 1231 1970 et
1248 1920 1391 1984 exultatio,
1402 1928 1426 1974 et
1439 1922 1517 1974 multi
1527 1924 1552 1973 ia
1566 1924 1592 1973 u

320 2017 435 2068 aduentu
447 2017 505 2082 ejus
523 2017 685 2083 gaudebuut.
708 2015 832 2083 Cumque
852 2014 996 2083 praedictus
1016 2015 1158 2084 presbyter
1178 2014 1334 2084 evigilasset
1351 2033 1369 2070 a
1387 2034 1488 2072 somno
1500 2018 1551 2071 ait:

319 2115 526 2179 DaruiueDeue,
539 2118 564 2169 ei
576 2123 613 2169 eet
624 2117 677 2169 heac
688 2118 756 2170 visio
769 2117 816 2169 aba
833 2123 864 2178 te,
880 2122 984 2184 praesta
1000 2116 1069 2168 mihi
1085 2118 1223 2169 auxilium
1238 2119 1335 2184 pratis
1352 2123 1406 2172 tue
1421 2126 1447 2172 et
1460 2121 1552 2186 perfice

317 2231 429 2280 gressus
440 2231 511 2268 meos
521 2218 552 2268 ia
568 2218 707 2283 preceptis
718 2217 782 2280 tuis,
794 2223 818 2270 et
836 2218 908 2269 mitte
919 2231 1021 2269 mecum
1033 2217 1158 2283 angeium
1169 2224 1248 2270 tuum
1264 2224 1399 2282 euredum,
1411 2225 1442 2270 ut
1457 2220 1551 2287 poesim

319 2313 347 2365 iu
358 2314 508 2367 inventione
519 2317 607 2368 saneti
618 2317 660 2368 tui
670 2317 744 2368 testie
756 2316 872 2368 laudare
884 2322 908 2368 et
918 2316 1073 2382 glorificare
1082 2331 1176 2369 nomeu
1188 2322 1273 2368 turem.

362 2410 396 2467 7.
420 2411 577 2480 Accingitur
593 2411 675 2480 igitur
685 2413 873 2467 venerabilis*
887 2413 1068 2482 presbyteret
1080 2429 1192 2469 causam
1210 2413 1263 2468 sibi
1276 2414 1431 2483 iniunctam
1444 2414 1551 2484 impiger
1563 2416 1589 2468 u

320 2510 426 2578 peragit
438 2514 465 2563 et
477 2514 641 2564 constanter.
654 2510 758 2564 Navem
776 2515 912 2580 praeparat
929 2516 957 2564 et
974 2510 1102 2565 utensilia
1114 2510 1222 2580 navigio
1235 2515 1301 2581 apta
1316 2513 1461 2582 componit
1471 2513 1499 2567 in
1514 2528 1549 2567 ea

320 2609 445 2676 Cumque
455 2608 668 2678 interrogaretur
677 2610 713 2663 ab
722 2609 892 2664 intuentibus
901 2610 965 2678 quid
979 2610 1118 2678 eogItaret,
1136 2610 1179 2663 vel
1195 2610 1243 2664 ubi
1254 2610 1386 2680 navigare
1395 2611 1497 2667 uellet?
1507 2610 1549 2665 Ille

319 2707 428 2776 sapiens
437 2712 573 2762 secretum
587 2708 728 2777 divulgare
740 2708 860 2777 injussus
870 2708 974 2773 uolens,
987 2724 1038 2761 nec
1049 2707 1225 2776 margaritam
1238 2713 1302 2762 aute
1312 2725 1413 2778 porcos
1424 2710 1548 2779 projicere

319 2822 408 2871 suam,
420 2807 528 2861 dicebat
540 2807 592 2861 sibi
604 2808 676 2877 ligna
689 2808 724 2861 ad
736 2807 923 2861 edificandam
937 2807 1051 2861 domum
1063 2806 1158 2860 deesse
1171 2812 1198 2861 et
1207 2807 1255 2862 itla
1262 2823 1293 2862 se
1306 2807 1378 2863 velle
1390 2823 1547 2879 comparere.

319 2907 467 2975 Assumpto
480 2906 562 2974 igitur
574 2906 691 2960 diacono
704 2923 754 2960 suo
764 2911 791 2960 et
802 2922 858 2960 uno
871 2911 979 2960 tantum
990 2905 1114 2975 puerulo,
1126 2905 1260 2961 naviculae
1270 2907 1356 2962 etiam
1370 2908 1493 2978 remiges,
1504 2904 1546 2961 uei
1558 2910 1583 2961 tt

318 3004 485 3073 gubernatus
497 3005 607 3072 auxilio,
620 3006 742 3060 maximo
755 3022 785 3060 se
798 3006 945 3060 committit
957 3005 1089 3074 periculo.

360 3103 394 3160 8.
418 3104 543 3171 Cumque
555 3103 590 3156 ab
604 3103 671 3156 urbe
686 3101 860 3156 recessissent
877 3105 904 3156 et
915 3102 1002 3156 multa
1014 3102 1099 3157 maris
1111 3103 1201 3172 spatia
1216 3102 1323 3158 volucri
1337 3120 1420 3161 cursu
1432 3111 1544 3160 transro-

317 3205 428 3270 lassent,
441 3217 552 3257 necesse
564 3200 604 3253 cis
621 3199 672 3254 luit
690 3199 781 3253 velum
800 3198 878 3253 navis
896 3199 1006 3268 erigere.
1023 3199 1077 3252 Sed
1098 3198 1171 3252 funis
1189 3199 1237 3267 qui
1255 3200 1364 3255 adhoc
1385 3203 1543 3258 necessarius

318 3307 408 3359 luerat
420 3305 548 3357 iuventus
560 3305 601 3354 est
613 3300 715 3353 deesse.
728 3298 901 3352 Goustcmati
913 3315 946 3352 er
956 3298 1010 3352 hoe
1019 3303 1110 3352 nautae
1123 3302 1151 3353 et
1159 3297 1236 3352 ualde
1248 3300 1413 3369 contristati,
1424 3302 1489 3372 quie
1499 3316 1542 3356 nee

318 3405 389 3471 villa,
401 3419 452 3458 nec
464 3401 558 3456 civitas
572 3399 674 3464 aderat,
685 3399 732 3453 ubi
746 3404 838 3468 posset
849 3398 973 3463 inveniri,
983 3398 1127 3453 consilium
1146 3399 1295 3468 superbae
1307 3400 1433 3470 flagitmt
1445 3402 1541 3470 presby·
1553 3403 1577 3454 tt

317 3503 376 3559 teri.
389 3502 494 3570 Quibus
506 3499 647 3569 presbyter
659 3498 712 3552 ait:
730 3498 847 3551 Fratres
864 3500 894 3551 ia
912 3499 1028 3552 Domino
1047 3499 1191 3564 confidite:
1209 3500 1275 3565 quia
1293 3501 1450 3555 timentibus
1466 3501 1541 3555 Deua

316 3600 596 3666 arbitraremur
620 3599 668 3666 qui
685 3614 745 3650 eum
762 3599 880 3664 dilipuut
897 3599 928 3650 irr
946 3599 1066 3650 ueritate.
1085 3595 1163 3650 Tunc
1185 3595 1328 3665 presbyter
1347 3613 1463 3667 surgens
1479 3595 1540 3652 etin

316 3702 435 3755 Domino
448 3698 588 3753 conlidens
601 3701 683 3765 eaput
691 3711 772 3750 suum
782 3695 891 3760 levavit,
904 3699 931 3750 et
942 3712 1025 3765 super
1037 3695 1121 3749 maris
1131 3711 1217 3762 aquas
1229 3694 1381 3763 inclinavit,
1393 3697 1457 3751 etin
1467 3695 1540 3751 fundo

316 3801 439 3871 ejusdem
452 3814 529 3867 aquen
542 3797 636 3850 iuueni
649 3795 702 3849 illis
714 3800 808 3864 aptum
821 3795 967 3864 prospexit
981 3793 1069 3861 Quem
1088 3793 1179 3849 nautis
1198 3795 1356 3861 ostendens,
1373 3796 1498 3853 eumdem
1513 3793 1540 3848 de

315 3916 389 3967 aqua
406 3896 550 3952 extrahere
560 3894 648 3964 jussit.
661 3894 698 3947 At
710 3893 748 3947 illi
760 3893 904 3947 laudentes
915 3894 1003 3947 Deum
1017 3892 1051 3947 de
1068 3908 1141 3962 aqua
1158 3891 1325 3947 extrahunt:
1344 3897 1374 3948 et
1385 3910 1434 3949 sex
1453 3891 1573 3949 cubitistt
1626 3878 1629 3892 ¹

314 3998 467 4066 longiorem
479 4011 561 4064 quam
575 3995 603 4047 in
616 3994 676 4047 velo
689 3993 881 4061 suspendendo
900 4008 1011 4046 necesse
1024 3992 1114 4046 fueret
1128 3991 1278 4047 inveniunt
1288 3992 1373 4060 Quod
1386 3992 1481 4048 videus
1490 4005 1539 4061 pre·
1626 4020 1629 4072 j

314 4099 408 4166 sbytcr
419 4096 458 4149 ait
469 4095 577 4149 nautis:
592 4095 668 4159 Quart
685 4110 788 4146 aenaeae
800 4100 837 4146 ast
855 4095 885 4146 iu
898 4094 951 4146 uela
969 4093 1155 4158 suspendendo
1167 4094 1200 4146 de
1210 4093 1278 4158 fuae
1289 4095 1462 4159 praecludite
1471 4112 1480 4146 :
1490 4091 1539 4145 reti
1624 4090 1629 4173 ⁴,

206 4197 212 4211 '
225 4235 233 4251 .
315 4213 396 4264 quam
406 4203 494 4249 autem
507 4195 565 4260 ejus
576 4199 680 4260 partem
690 4193 844 4258 uobieforte
856 4192 1039 4245 neceesarium
1048 4192 1062 4219 ⁴
1075 4198 1217 4245 reseruata.

355 4292 388 4350 9.
420 4293 496 4347 Tunc
520 4307 602 4345 cursu
619 4306 750 4359 prospero
770 4289 899 4356 navigant
921 4295 1019 4354 nautae,
1038 4291 1065 4341 et
1086 4291 1149 4356 post
1167 4288 1255 4341 multa
1277 4288 1365 4342 maris
1387 4290 1476 4359 spatia
1491 4293 1537 4342 tar·

314 4393 376 4446 dem
389 4390 552 4461 perueniunt
563 4389 598 4442 acl
610 4391 720 4457 portum
733 4386 807 4441 urbis
820 4385 959 4440 valenae.
972 4385 1112 4440 Timentes
1125 4389 1217 4439 autem
1236 4385 1453 4443 Sarracenorum
1464 4387 1571 4441 incurtt

313 4492 426 4556 sionem,
439 4495 588 4559 antequam
600 4486 673 4541 litori
686 4486 944 4556 appropinquarent,
957 4489 1173 4555 expectaverunt
1189 4484 1243 4539 diei
1256 4486 1409 4543 terminum
1421 4491 1448 4543 et
1463 4484 1537 4542 noeis

312 4589 427 4643 initium.
445 4587 633 4642 Accendantes
651 4587 744 4638 autern
762 4584 861 4651 ignem,
880 4584 913 4637 de
931 4582 1058 4638 navicula
1076 4582 1217 4652 presbyter
1233 4598 1298 4638 cum
1316 4600 1368 4640 suo
1389 4584 1536 4641 anconae

311 4685 427 4756 puerulo
440 4685 514 4750 exiit,
531 4684 623 4738 nautis
639 4681 742 4737 ibidem
754 4680 863 4736 relictis.
882 4680 959 4735 'lunc
970 4679 1074 4736 lumine
1092 4681 1144 4736 sub
1162 4679 1254 4750 palliis
1271 4681 1410 4740 occultato
1428 4678 1536 4753 procedit
