3270 5400
184 351 259 424 444
517 371 644 423 orsas.
670 371 775 422 cono.
801 370 1082 423 saoroosnsmo.

185 563 299 618 tandem
313 578 367 616 non
379 578 474 631 pauca,
486 577 604 630 quorum
622 577 719 614 sensus
730 560 803 629 apud
819 559 961 628 Oesterley
972 560 1019 614 vix
1036 564 1065 613 et
1080 575 1117 613 ne
1127 560 1176 614 rix
1187 560 1302 628 quidem
1314 558 1415 627 attingi-

186 666 239 729 tur,
251 678 284 715 ex
301 661 426 715 codicum
445 676 461 713 a
473 658 553 713 nobis
574 659 761 713 adhibitorum
773 658 937 712 lectionibus
947 659 1029 724 plana
1047 663 1075 711 et
1091 658 1237 726 perspicua
1247 657 1325 712 liunt
1337 686 1368 695 -
1379 658 1415 711 lle

187 760 378 815 Transmumlo
396 759 532 813 monacho
553 758 763 819 claravallensi,
780 774 864 825 quem
881 757 967 826 aliqui
983 758 1091 810 codices
1108 762 1137 811 et
1153 757 1240 810 etiam
1253 758 1414 811 recentiores

186 860 333 927 scriptores
345 862 485 912 auctorem
498 857 580 923 hujus
591 857 712 925 legendae
728 856 756 910 S.
769 855 868 909 Albani
882 854 967 909 fuisse
982 862 1150 923 supponunt,
1163 854 1266 908 videsis
1287 853 1330 908 ll'.
1345 852 1415 908 Wal-

188 958 304 1011 tcnbach
322 958 367 1021 11),
384 956 508 1010 Natalem
521 956 555 1009 de
569 956 715 1021 1151013(4),
734 956 851 1008 Daunou
859 954 904 1019 (3).
922 954 962 1007 De
979 954 1067 1022 OEdipi
1079 970 1147 1007 vero
1158 954 1264 1015 tabula,
1281 970 1344 1022 qnae
1357 968 1414 1007 cun

187 1056 296 1121 iuliani,
317 1054 447 1124 Gregorii,
465 1055 564 1108 Albani
584 1054 705 1123 legendis
724 1054 846 1121 aliquam
876 1052 1038 1107 affinitatem
1056 1053 1160 1106 habere
1180 1052 1301 1113 ridetur.
1318 1051 1416 1107 erudite

188 1155 315 1210 disseruit
327 1156 356 1208 1..
369 1155 503 1209 Constans
515 1155 560 1219 (4).

442 1560 649 1674 Appendix
673 1558 723 1647 ad
747 1560 830 1647 cod.
858 1560 905 1648 D.
931 1555 1054 1645 Phill.
1080 1560 1169 1649 343.

527 1803 565 1846 m:
586 1802 612 1846 s.
635 1800 765 1845 ansano.
787 1781 866 1867 (Cir.
888 1802 961 1864 pag.
983 1784 1094 1867 praee.)

287 1967 417 2041 Incipit
431 1963 477 2047 (5)
498 1969 621 2039 peseto
642 1970 702 2027 vel
722 1966 803 2028 vite
823 1969 941 2028 sancti
962 1966 1094 2028 Atheni
1113 1964 1329 2041 martyris&

236 2161 268 2217 1.
294 2161 358 2215 Erat
370 2159 437 2215 olim
446 2158 606 2228 inpartibus
617 2158 761 2229 Aquilonis
773 2160 880 2214 ¹bomo
892 2163 991 2228 potens
1003 2162 1031 2212 et
1041 2158 1150 2223 nobilis,
1161 2158 1211 2228 qni
1224 2162 1253 2213 et
1262 2156 1349 2229 gloria
1358 2176 1418 2230 pro·

192 2260 315 2314 minebat
324 2264 352 2313 et
361 2260 373 2293 ²
383 2275 496 2313 suorum
506 2257 651 2327 splendore
659 2257 791 2312 natalium
801 2262 830 2311 et
839 2256 942 2312 deliciis
951 2256 1105 2311 affluebat⁸
1116 2271 1151 2310 ex
1163 2256 1336 2313 abundantia
1343 2255 1419 2313 neut-

192 2363 280 2413 tatum
290 2360 310 2411 ⁴.
322 2357 432 2427 lmperii
441 2357 632 2426 gubernaculis
641 2356 756 2411 feliciter
764 2356 936 2425 presidebat,
946 2356 1053 2409 futurus
1062 2360 1157 2410 tamen
1166 2356 1179 2390 ⁸
1188 2357 1255 2412 inde
1263 2356 1419 2421 felicior‘‚si

190 2458 292 2513 mentis
308 2454 494 2524 gubemaoule
511 2454 625 2510 rationis
643 2454 758 2524 imperio
770 2454 945 2525 possedisset
957 2455 1033 2509 Uxor
1044 2454 1070 2507 ei
1083 2454 1094 2489 ¹
1105 2454 1140 2508 de
1152 2456 1332 2525 magnatibus
1349 2462 1418 2511 terre
1430 2460 1442 2509 t

192 2572 248 2611 sue
260 2557 279 2621 ⁸,
291 2570 375 2625 quam
388 2555 400 2591 ⁰
411 2571 502 2609 caram
513 2554 596 2608 nimis
605 2558 633 2607 et
642 2553 789 2608 amabilem
799 2554 902 2607 fecerat
912 2556 970 2607 tam
983 2553 1114 2608 nobilitas
1122 2553 1240 2621 genum,
1248 2570 1333 2623 quarn
1341 2555 1419 2624 pata

192 2652 425 2720 venustatisouae
432 2668 496 2707 oum
504 2651 596 2706 lutura
603 2655 677 2705 esset
684 2650 798 2719 perenni
806 2649 1418 2721 sterilitate¹⁰beetior,conoepitinde¹¹dlirm,

192 2750 278 2806 immo
297 2751 326 2805 in
343 2751 400 2805 illia
420 2750 505 2818 patris
523 2750 640 2818 tiliaeque
658 2749 775 2803 ruinam.
792 2748 862 2803 Nam
877 2764 940 2803 oum
958 2749 1017 2817 ipsa
1037 2764 1169 2817 processu
1191 2750 1327 2819 temporis
1344 2750 1416 2805 rebus

193 2850 360 2904 eximeretur
371 2848 510 2913 humanis,
522 2848 616 2916 injecit
633 2848 728 2902 oculos
744 2851 822 2916 pater
838 2846 867 2900 in
878 2845 963 2900 tiliam
976 2850 1004 2900 st
1014 2846 1043 2900 in
1054 2850 1163 2901 tanmm
1176 2848 1275 2903 dilexit
1292 2864 1353 2903 mm
1362 2848 1384 2883 ¹⁸
1391 2850 1418 2901 nt

192 2949 316 3003 dolorem
328 2950 358 3014 ¹⁸,
370 2949 418 3017 qui
430 2963 463 3002 ex
475 2951 565 3001 morte
577 2948 674 3001 matris
685 2947 708 2981 ¹⁴
719 2945 881 3000 acciderato
889 2945 990 2999 mentis
1001 2945 1024 2980 ¹⁶
1035 2944 1122 2999 oeulis
1133 2946 1270 3002 aboleret.
1278 2946 1415 3003 llultiean
1429 2950 1452 2999 tt

225 3145 283 3200 Trr.
295 3175 328 3184 -
341 3147 349 3179 ¹
362 3146 452 3208 οιιι.4;
464 3144 596 3198 Nativites
604 3146 670 3209 (om.
681 3143 709 3209 5)
727 3143 784 3196 vita
795 3147 823 3197 et
842 3144 897 3207 (vel
909 3143 936 3208 5)
949 3143 1041 3198 obitus
1052 3143 1127 3197 beati
1144 3144 1245 3210 (mncti
1257 3146 1284 3209 4,
1293 3142 1418 3213 manui

191 3228 239 3296 qui
257 3232 337 3281 natus
358 3230 445 3294 (ortus
461 3228 489 3294 5)
508 3227 559 3281 luit
570 3228 623 3293 (est
634 3228 662 3292 5)
675 3240 709 3280 ex
721 3225 804 3291 (deb)
815 3229 892 3294 patre
910 3230 938 3279 et
949 3225 1013 3280 lilio.
1025 3224 1126 3279 Postea
1146 3227 1255 3296 aceepit
1265 3232 1380 3282 matrem
1393 3225 1418 3279 in

192 3325 307 3363 uxorem
319 3314 435 3379 postque
445 3309 519 3377 (post
528 3308 588 3362 lraeo
598 3309 623 3373 4,
635 3307 835 3375 subsequenter
842 3307 870 3373 5)
882 3306 983 3361 cecidit
991 3311 1097 3376 patrem
1115 3312 1143 3362 et
1154 3313 1277 3365 matrem
1294 3316 1323 3365 et
1329 3311 1388 3377 (osc
1394 3306 1418 3371 1)

192 3391 305 3445 demum
315 3391 361 3458 (ad
370 3391 453 3445 linem
462 3393 489 3458 5)
498 3390 683 3444 sanctificatus
689 3391 754 3455 (om.
762 3390 787 3455 4,
800 3388 927 3443 inventus
936 3391 963 3453 5)
975 3393 1018 3443 est
1025 3389 1149 3455 (sanetus
1156 3391 1182 3456 4,
1194 3394 1260 3446 odd.
1272 3398 1380 3447 sanctus
1387 3390 1418 3455 5)

225 3473 293 3528 Nou.
307 3476 329 3528 l.
341 3502 374 3511 -
387 3473 520 3543 ¹quidam
538 3475 601 3526 odd.
613 3473 664 3526 45.
680 3500 708 3510 -
719 3471 731 3506 ¹
743 3489 792 3526 om.
805 3472 856 3525 45.
869 3500 900 3510 -
910 3471 922 3506 ⁸
934 3472 970 3538 ((1.
980 3474 1016 3537 a.)
1032 3470 1124 3528 adl.
1136 3472 1233 3528 -⁴ac
1251 3476 1316 3529 odd.
1327 3472 1418 3539 44-

191 3556 203 3591 l
220 3561 279 3610 erat
298 3557 350 3610 44.
373 3585 400 3595 -
423 3557 435 3591 ⁶
453 3555 559 3609 beatior
577 3558 628 3610 4-5.
644 3584 675 3593 -
689 3556 700 3589 ⁷
713 3556 750 3621 (ιι.
768 3555 803 3621 e.)
815 3571 842 3607 u.
854 3570 878 3608 e.
897 3558 956 3607 erat
966 3554 1034 3619 4,4;
1051 3571 1077 3608 ιι
1090 3554 1149 3622 ejus
1166 3560 1228 3609 erat
1238 3557 1264 3611 3.
1276 3557 1333 3597 -⁸
1347 3570 1418 3625 asper

192 3656 323 3693 rasuram
337 3640 359 3693 1.
375 3666 408 3678 -
418 3638 430 3674 ⁰
440 3637 493 3691 sibi
505 3640 567 3692 add.
580 3639 605 3703 4,
621 3639 646 3702 4,
655 3638 680 3692 5.
692 3667 723 3674 -
742 3636 766 3671 ¹⁰
777 3639 817 3690 ito
833 3637 877 3690 45
885 3654 892 3700 ;
902 3634 1031 3691 felicitate
1050 3637 1117 3691 1.-
1131 3637 1152 3671 ¹¹
1165 3640 1263 3692 umen
1280 3643 1310 3693 et
1325 3636 1418 3709 peperit

193 3722 244 3775 45.
254 3749 285 3759 -
298 3721 321 3755 ¹⁹
333 3722 456 3786 (et-eam)
472 3736 590 3789 eamque
609 3721 635 3774 d.
647 3720 675 3774 in
688 3724 706 3773 t.
718 3719 742 3773 4.
755 3748 787 3757 -
798 3719 821 3753 ¹⁸
832 3721 872 3772 ito
891 3718 915 3784 4,
927 3718 952 3785 3,
960 3720 991 3782 5)
1003 3719 1082 3773 dolor
1098 3720 1122 3785 1,
1141 3720 1211 3774 4.-
1225 3721 1249 3756 ¹⁴
1261 3722 1342 3789 (mor.
1352 3720 1418 3783 mal.)

193 3806 259 3858 mat.
271 3819 340 3858 mor.
352 3804 376 3857 4.
392 3832 419 3842 -
436 3802 460 3837 ¹⁰
470 3804 506 3870 (a.
515 3804 562 3867 m.)
570 3802 688 3857 amentis
696 3802 756 3868 4,4;
769 3817 785 3855 e
796 3799 897 3855 mentis
907 3802 932 3854 5.

194 3982 266 4036 inter
276 3980 442 4037 Urbinianos
454 3980 561 4050 signato
572 3990 603 4035 n⁰
614 3982 672 4045 456,
682 3985 710 4035 at
721 3980 744 4033 si
756 3981 946 4046 summarium,
956 3982 1030 4050 quod
1040 3981 1200 4051 germanico
1208 3982 1419 4039 sermoneedidit

194 4064 300 4132 pp.159‚
312 4065 366 4127 151),
377 4068 463 4117 totam
473 4062 512 4117 rei
522 4068 639 4117 narratae
647 4063 747 4117 seriem
757 4063 954 4132 complectitur,
964 4063 1068 4133 integra
1075 4064 1201 4119 clausula
1209 4064 1321 4121 videtur
1330 4066 1418 4121 omia

195 4162 262 4200 essa.
271 4146 435 4200 Asseriatur
444 4146 527 4199 etiam
540 4145 568 4199 in
581 4144 749 4199 bibliotheca
759 4144 936 4199 Posnaniensi
945 4144 974 4198 in
984 4145 1145 4200 collectione
1154 4147 1269 4201 comitis
1277 4145 1418 4203 Ducum

194 4228 273 4293 (vioe
288 4228 423 4291 sotumi,
434 4229 504 4282 mor
522 4230 583 4283 are.
601 4230 687 4282 Meos
704 4229 777 4291 sse,
796 4244 822 4296 p.
839 4228 896 4281 sss
909 4254 942 4266 -
953 4229 989 4293 (ι)
1007 4229 1110 4281 Arme
1120 4230 1172 4295 far
1186 4230 1291 4285 runo«
1303 4220 1418 4287 omne

194 4312 315 4365 clrlscbeo
335 4312 600 4378 Geacbiclrtspuellen,
620 4316 686 4364 tom.
707 4310 775 4374 xlv,
796 4326 822 4378 p.
841 4311 882 4364 55.
903 4341 934 4349 —
956 4310 992 4375 (4)
1012 4311 1081 4363 8151.
1100 4312 1133 4363 dc
1152 4312 1221 4365 l'Iu'c.
1242 4314 1292 4369 dec
1313 4314 1418 4371 0441144

194 4397 261 4446 tom.
273 4392 353 4457 XLll,
371 4409 396 4461 p.
413 4394 454 4447 55.
472 4419 505 4429 -
522 4394 559 4459 (3)
577 4393 921 4457 Jlet.1itcdetal’rance,
939 4396 957 4446 t.
974 4391 1043 4454 xlv,
1053 4409 1080 4461 p.
1090 4391 1148 4446 395.
1160 4420 1194 4432 -
1212 4394 1250 4459 (4)
1266 4396 1312 4449 Lo
1327 4394 1420 4463 mute

194 4476 327 4542 domim.
338 4491 363 4543 p.
375 4475 490 4528 141-131.
499 4503 531 4513 -
543 4476 580 4539 (5)
593 4474 629 4528 Ut
640 4474 828 4543 supradictum
840 4479 889 4537 est,
901 4478 1005 4527 textum
1018 4472 1125 4527 edimus
1137 4475 1271 4530 collatum
1284 4494 1346 4532 cum
1359 4472 1419 4529 Pari·

194 4555 255 4609 sino
267 4568 298 4609 (κ’
310 4558 383 4619 (1584,
395 4557 442 4624 qui
456 4561 567 4610 notatur
578 4558 609 4618 4ς
623 4573 685 4610 cum
699 4556 824 4609 Parisino
842 4564 873 4609 (ιο
893 4556 965 4619 1151,
982 4555 1027 4625 qni
1046 4559 1158 4609 notatur
1174 4557 1209 4621 3;
1226 4573 1293 4613 curn
1311 4558 1418 4613 Parisino

194 4646 227 4690 n⁰
238 4638 312 4699 ttbtll,
323 4637 370 4705 qui
383 4644 495 4691 notatur
506 4640 538 4701 4;
550 4655 613 4691 cum
626 4638 797 4692 Bruxellensi
809 4654 840 4691 n⁰
860 4638 918 4701 337,
936 4638 982 4706 qui
1000 4641 1112 4692 notatur
1127 4638 1146 4692 5
1153 4657 1161 4702 3
1180 4638 1367 4697 Bruxellensis
1378 4636 1420 4694 141

195 4723 308 4773 notetur
322 4724 344 4773 l.
