3270 5400
205 277 278 352 238
541 298 666 351 caran.
692 298 796 351 cono.
820 297 1098 351 arcrocnarrnc.
1156 294 1160 301 ’

439 414 447 440 i

237 488 330 543 Codex
347 489 412 544 olim
430 495 489 545 erat
503 489 726 544 diarchianenais.
738 488 846 543 Etenim
859 491 926 542 nota
937 504 1055 558 aqueas
1064 491 1168 544 :Mer
1178 490 1281 545 Sancta
1291 490 1439 544 Bictndia

205 589 430 656 Morcticnenris,
441 589 574 659 reperitur
584 588 630 644 iol
645 590 678 651 1¹,
695 587 742 642 iol.
758 589 805 642 45ν
814 589 842 643 in
852 591 974 658 margine
986 588 1109 649 interimi
1119 594 1147 643 et
1155 589 1202 643 iol
1211 589 1264 644 87¹.
1275 589 1363 644 lissei
1373 588 1438 644 Bol-

203 689 324 744 landiani
339 688 447 759 signum
460 672 511 775 ᾧ
522 674 578 747 MS
591 689 626 742 56
637 686 797 757 inscriptum
808 687 906 756 legitur
921 686 968 742 iol
981 689 1009 742 lv
1017 687 1079 742 etin
1091 687 1216 742 chartula
1228 687 1275 743 iol
1285 688 1310 741 lr
1320 688 1437 759 aggluti-

203 794 268 844 nata
276 810 283 855 ;
295 790 344 844 sed
360 789 398 843 ibi
409 793 529 858 exparte
542 787 662 842 deletam
683 791 739 851 cst;
751 786 779 840 in
791 786 889 840 eodem
901 787 948 841 iol.
968 789 993 842 lr
1009 787 1161 857 descriptus
1178 792 1220 842 est
1239 791 1435 844 maenus-am

203 887 293 942 index.

235 987 301 1042 llaec
311 987 503 1041 tantummodo
514 986 685 1056 hagiologica
696 986 725 1040 in
739 985 833 1041 codice
843 985 988 1056 leguntur:

306 1189 341 1259 1⁰
364 1186 450 1260 Vita
466 1190 503 1260 et
527 1185 708 1259 miracula
732 1183 852 1260 sancti
868 1183 984 1278 patris
1007 1181 1126 1259 nostri
1148 1184 1276 1269 Basilii
1292 1184 1435 1260 archie

350 1300 490 1395 piscopi
505 1299 746 1394 Cappadociae
763 1302 842 1392 (iol.
858 1301 1024 1394 iss‘dti').

236 1431 298 1486 Alia
309 1431 398 1486 versio
408 1432 539 1485 Actorum
547 1447 609 1500 qua
620 1430 693 1484 edita
704 1435 769 1485 sunt
777 1431 805 1484 in
815 1433 874 1485 Act.
883 1431 939 1498 SS.,
948 1431 983 1484 ad
995 1429 1365 1500 d.1ttunii,t0m.11,p.938
1373 1448 1436 1503 sqq.

303 1533 342 1605 ΞΟ
367 1533 557 1626 [Miracula
581 1532 645 1605 SS.
674 1531 840 1625 Gregorii
868 1537 904 1606 et
933 1530 1140 1605 sebastiani
1154 1531 1367 1623 ¹Suessione
1395 1532 1435 1607 in

350 1648 576 1722 monasterio
594 1648 630 1721 S.
644 1647 820 1741 Madardi]
833 1648 912 1740 (fol.
931 1648 1096 1739 89292').

236 1779 343 1833 Relatio
355 1778 463 1832 diversa
479 1777 515 1831 ab
528 1794 561 1830 ea
577 1793 638 1846 qua
650 1776 723 1830 edita
736 1781 777 1829 est
790 1776 817 1831 in
830 1779 886 1829 Act.
897 1776 952 1841 SS.,
964 1780 1030 1829 tom.
1048 1775 1072 1828 ll
1083 1774 1182 1841 llartii,
1194 1792 1220 1845 p.
1232 1775 1281 1830 tta
1292 1791 1354 1846 sqq.
1364 1776 1436 1832 vide

203 1879 326 1950 Append.

687 2003 955 2014 -ι---

514 2240 725 2352 Appendix
749 2237 799 2326 ad
825 2237 907 2326 cod.
930 2238 1120 2328 871419.

235 2506 273 2550 na
294 2506 453 2551 urnacmrs
475 2506 517 2551 ss.
539 2505 680 2550 nasoonu
701 2505 741 2549 ar
762 2505 944 2549 sanasrrnur.
967 2483 1045 2568 (Cir.
1067 2484 1129 2549 hac
1150 2483 1222 2566 ipsa
1242 2503 1327 2566 pag,
1350 2484 1406 2569 h.)

248 2684 280 2739 1.
304 2683 378 2736 lntcr
386 2682 472 2735 multa
483 2681 612 2750 praclara
621 2685 689 2744 acta,
701 2697 762 2749 quae
776 2680 908 2733 Dominus
919 2679 1045 2749 dignatus
1057 2684 1099 2733 cst
1110 2679 1168 2734 fleri
1179 2695 1228 2748 pro
1240 2680 1328 2734 serris
1336 2681 1396 2736 suis
1404 2682 1433 2737 in

204 2781 329 2837 coenobio
350 2784 505 2833 sanctorum
523 2777 684 2842 Sebastiani,
701 2776 823 2846 Gregorii
844 2781 871 2830 et
890 2776 1010 2830 Medardi
1029 2775 1080 2829 sub
1098 2779 1223 2845 tempore
1240 2776 1334 2831 Karoli
1353 2777 1433 2847 regis,

8 2880 64 2933 cod.
79 2881 180 2932 menta.
204 2879 343 2949 quoddam
355 2877 453 2931 accidit
463 2875 624 2945 praeclarum
635 2875 807 2929 miraculum.
820 2875 888 2928 Cum
901 2875 1017 2943 ipsercx
1030 2876 1149 2928 mente*
1167 2874 1267 2929 devota
1284 2875 1320 2929 ad
1337 2875 1433 2946 predi·

204 2983 279 3032 ctum
290 2977 381 3032 locum
393 2975 480 3046 gratia
489 2974 621 3029 oraminis
632 2975 772 3028 accederet
784 2974 840 3027 suis
852 2990 915 3028 cum
926 2973 1091 3028 doctissimis
1101 2973 1249 3042 capellanis
1261 2972 1290 3028 in
1301 2974 1348 3029 die
1361 2974 1433 3030 exal·

204 3076 316 3131 tationis
324 3079 424 3129 sancta
432 3078 460 3128 et
469 3073 698 3128 victoriosissimae
707 3071 918 3126 CrucisDomini
929 3071 1015 3126 nostri
1024 3071 1089 3125 lesu
1099 3071 1277 3136 Christi,cum
1287 3073 1432 3143 coepisscnt
1446 3078 1461 3129 t

204 3192 267 3230 cum
284 3174 413 3228 iratribus
430 3172 606 3227 sermocinari
623 3188 655 3225 ac
679 3171 821 3240 diligenter
842 3171 876 3224 de
893 3170 1015 3240 reliquiis
1034 3169 1107 3224 illius
1124 3170 1242 3225 abbatiae
1258 3187 1310 3240 per
1326 3171 1433 3242 singula

203 3273 373 3345 perscrutari,
385 3288 546 3340 responsum
558 3275 599 3325 est
610 3270 664 3324 iilis
673 3288 689 3324 a
698 3270 816 3340 quodam
827 3269 911 3324 fratre
920 3269 948 3323 in
957 3269 1076 3339 quadam
1086 3285 1171 3323 unum
1180 3268 1281 3324 Christi
1290 3269 1431 3326 dantulttm

202 3371 335 3431 contineri
346 3371 523 3441 phylacteria,
532 3386 614 3439 quern
627 3370 685 3438 ipse
697 3371 725 3423 in
738 3369 856 3423 iniantia
867 3385 918 3423 sua
930 3369 1081 3423 secundum
1092 3369 1298 3424 humanitatem
1309 3375 1431 3425 mutare·

92 3472 113 3548 ἰ
202 3476 252 3525 rat
262 3469 323 3538 Quo
334 3470 437 3535 audito,
448 3469 510 3523 ilico
522 3486 571 3539 pro
583 3469 705 3522 maximo
723 3468 825 3522 duxere
837 3468 955 3522 ludibrio
973 3473 1126 3522 asserentes
1134 3469 1149 3500 *
1160 3467 1229 3522 nibil
1241 3467 1270 3522 in
1280 3470 1362 3525 terris
1372 3472 1431 3539 poet

203 3569 428 3624 resurrectionem
438 3567 601 3622 remansisse
610 3568 644 3621 de
654 3567 770 3622 Christo.
780 3568 858 3622 Unde
869 3568 897 3622 in
907 3572 1012 3621 tanturn
1021 3567 1174 3621 monachus
1183 3572 1342 3623 commotus
1351 3573 1429 3638 atqua
1444 3572 1506 3623 tfl

78 3707 85 3722 .
155 3642 167 3720 s
203 3668 308 3723 derisus
324 3667 458 3737 estquod
477 3668 582 3720 ‘suurn
595 3666 716 3720 officium
734 3666 804 3720 irato
822 3667 916 3721 animo
934 3666 1160 3736 praetermitteret,
1178 3665 1306 3722 uidelicet
1323 3666 1429 3723 alleluia

203 3767 277 3836 quod
288 3767 428 3820 succinere
439 3766 579 3821 debuerat.
598 3765 770 3835 Quapropter
787 3766 936 3835 imperator
953 3767 989 3820 ad
1006 3782 1069 3820 eum
1082 3766 1215 3821 accedam
1232 3765 1306 3821 illius
1318 3767 1388 3822 imm
1403 3771 1430 3822 et

203 3866 417 3935 indignationem
430 3866 525 3923 sedare
536 3865 655 3935 cupiens,
668 3864 780 3934 rogabat
792 3882 855 3919 eum
868 3871 898 3919 ut
909 3865 1023 3934 gradum
1033 3865 1193 3919 ascenderet
1201 3882 1234 3919 ac
1246 3865 1286 3920 ibi
1297 3864 1429 3922 cauaasni

107 4004 119 4042 Ι.
203 3965 313 4020 alleluia
321 3970 439 4019 caneret
452 3965 501 4019 Cui
513 3965 598 4018 irater
609 3964 713 4018 obortis
722 3966 735 3996 ⁸
744 3964 863 4018 lacrimis
872 3969 913 4019 est
923 3965 1024 4019 aliatus
1033 3983 1040 4018 ι
1050 3965 1114 4019 Nisi
1119 3982 1172 4032 pro
1180 3982 1233 4019 auo
1241 3967 1429 4034 pictatem

129 4069 137 4084 ‘
202 4069 289 4134 tispuc
300 4072 454 4119 sannorum
463 4081 576 4118 suoram
588 4064 747 4130 sebastiani,
761 4066 889 4130 Gregorii
899 4072 978 4133 atquc
990 4065 1119 4118 Medcrdi
1130 4065 1206 4118 Deus
1215 4066 1346 4132 dignetur
1356 4066 1429 4120 nobis
1442 4065 1471 4116 i!
1481 4066 1506 4115 Ι

202 4166 280 4219 laodic
297 4166 415 4218 revelare
427 4171 520 4217 utrum
537 4181 597 4217 cere
612 4165 691 4217 credo
703 4182 738 4217 on
749 4165 829 4230 fuiss,
840 4167 896 4217 tuis
905 4166 1045 4233 preceptis
1055 4181 1110 4217 nora
1125 4164 1256 4230 obediam,
1274 4167 1428 4233 impemor.

203 4262 280 4317 Tunc
294 4262 348 4317 illis
367 4263 455 4317 Deum
467 4261 683 4329 deprecantibus,
701 4278 763 4316 cum
775 4263 897 4317 maximo
909 4262 1054 4331 splendore
1071 4262 1146 4317 stetit
1163 4260 1335 4331 phylacteria
1349 4277 1428 4333 snpn

202 4377 279 4415 aram
295 4366 396 4415 sanctae
413 4360 503 4415 Mariae
515 4377 576 4430 quae
592 4360 689 4415 subtus
700 4360 840 4430 signorum
855 4359 1060 4431 campanarium
1079 4366 1138 4415 erat
1149 4365 1310 4416 constructa
1321 4361 1350 4417 in
1360 4376 1427 4425 acra,

202 4461 306 4514 cunctis
317 4459 470 4514 astantibus
482 4459 678 4513 stridentibus
690 4464 718 4512 et
730 4476 793 4514 vere
810 4461 859 4514 Dei
877 4459 936 4514 Filii
949 4460 1058 4515 dentem
1076 4459 1280 4515 confitentibus.
1292 4459 1336 4516 Ob
1347 4473 1432 4531 quan-
1485 4494 1490 4499 -

202 4575 259 4612 rem
272 4558 415 4628 pradictus
428 4559 576 4628 imperator
591 4559 720 4629 pracepit
738 4559 851 4628 singth
862 4559 941 4613 annis
954 4559 990 4613 ab
1008 4559 1067 4629 ipso
1080 4559 1124 4613 die
1136 4564 1163 4613 et
1174 4558 1305 4630 deinceps
1317 4558 1424 4615 eandem
1437 4562 1440 4573 '
1483 4573 1506 4609 ι

201 4657 237 4711 ab
249 4658 324 4712 omni
337 4657 438 4727 populo
453 4657 620 4713 venerariad
629 4657 739 4712 laudem
751 4661 778 4713 et
789 4658 924 4713 honorem
937 4657 1049 4713 Domini
1060 4659 1147 4713 nostri
1156 4657 1222 4713 iesu
1231 4657 1340 4714 Christi
