<?xml version="1.0" encoding="UTF-8"?>
<!DOCTYPE html PUBLIC "-//W3C//DTD XHTML 1.0 Transitional//EN"
    "http://www.w3.org/TR/xhtml1/DTD/xhtml1-transitional.dtd">
<html xmlns="http://www.w3.org/1999/xhtml" xml:lang="en" lang="en">
 <head>
  <title>
</title>
<meta http-equiv="Content-Type" content="text/html;charset=utf-8" />
  <meta name='ocr-system' content='tesseract 3.04.00' />
  <meta name='ocr-capabilities' content='ocr_page ocr_carea ocr_par ocr_line ocrx_word'/>
</head>
<body>
  <div class='ocr_page' id='page_1' title='image "./cataloguscodicu00belggoog_0514.png"; bbox 0 0 3270 5400; ppageno 0'>
   <div class='ocr_carea' id='block_1_1' title="bbox 310 307 1469 381">
    <p class='ocr_par' dir='ltr' id='par_1_1' title="bbox 310 307 1469 381">
     <span class='ocr_line' id='line_1_1' title="bbox 310 307 1469 381; baseline 0.003 -3"><span class='ocrx_word' id='word_1_1' title='bbox 310 326 402 378; x_wconf 74' lang='lat'><strong><em>13131..</em></strong></span> <span class='ocrx_word' id='word_1_2' title='bbox 421 323 504 376; x_wconf 76' lang='lat' dir='ltr'><strong><em>uva.</em></strong></span> <span class='ocrx_word' id='word_1_3' title='bbox 522 323 695 377; x_wconf 71' lang='lat' dir='ltr'><strong><em>suasum..</em></strong></span> <span class='ocrx_word' id='word_1_4' title='bbox 715 346 761 355; x_wconf 97' lang='lat'>—</span> <span class='ocrx_word' id='word_1_5' title='bbox 780 323 930 377; x_wconf 68' lang='lat' dir='ltr'><strong><em>seusun.</em></strong></span> <span class='ocrx_word' id='word_1_6' title='bbox 949 324 1369 379; x_wconf 77' lang='lat' dir='ltr'><strong><em>ADCOD.D.PH11.1..toss.</em></strong></span> <span class='ocrx_word' id='word_1_7' title='bbox 1396 307 1469 381; x_wconf 79' lang='lat'><strong><em>495</em></strong></span> 
     </span>
    </p>
   </div>
   <div class='ocr_carea' id='block_1_2' title="bbox 202 514 1635 978">
    <p class='ocr_par' dir='ltr' id='par_1_2' title="bbox 237 514 1468 585">
     <span class='ocr_line' id='line_1_2' title="bbox 237 514 1468 585; baseline 0.002 -15"><span class='ocrx_word' id='word_1_8' title='bbox 237 518 344 570; x_wconf 88' lang='lat' dir='ltr'><strong><em>dicens:</em></strong></span> <span class='ocrx_word' id='word_1_9' title='bbox 356 517 427 584; x_wconf 90' lang='lat' dir='ltr'><strong><em>quod</em></strong></span> <span class='ocrx_word' id='word_1_10' title='bbox 443 518 470 569; x_wconf 89' lang='lat' dir='ltr'><strong><em>si</em></strong></span> <span class='ocrx_word' id='word_1_11' title='bbox 492 533 525 568; x_wconf 79' lang='lat' dir='ltr'><strong><em>ec</em></strong></span> <span class='ocrx_word' id='word_1_12' title='bbox 544 517 622 568; x_wconf 86' lang='lat' dir='ltr'><strong><em>vetita</em></strong></span> <span class='ocrx_word' id='word_1_13' title='bbox 644 514 697 568; x_wconf 82' lang='lat' dir='ltr'><strong><em>sebi</em></strong></span> <span class='ocrx_word' id='word_1_14' title='bbox 719 531 799 582; x_wconf 89' lang='lat' dir='ltr'><strong><em>pomo</em></strong></span> <span class='ocrx_word' id='word_1_15' title='bbox 814 521 956 580; x_wconf 82' lang='lat' dir='ltr'><strong><em>qustasset,</em></strong></span> <span class='ocrx_word' id='word_1_16' title='bbox 980 516 1111 582; x_wconf 87' lang='lat' dir='ltr'><strong><em>diqnitate</em></strong></span> <span class='ocrx_word' id='word_1_17' title='bbox 1133 517 1228 569; x_wconf 65' lang='lat' dir='ltr'><strong><em>celem</em></strong></span> <span class='ocrx_word' id='word_1_18' title='bbox 1243 516 1305 583; x_wconf 86' lang='lat' dir='ltr'><strong><em>jam</em></strong></span> <span class='ocrx_word' id='word_1_19' title='bbox 1321 535 1378 585; x_wconf 86' lang='lat' dir='ltr'><strong><em>par</em></strong></span> <span class='ocrx_word' id='word_1_20' title='bbox 1395 527 1468 573; x_wconf 92' lang='lat' dir='ltr'><strong><em>esset.</em></strong></span> 
     </span>
    </p>

    <p class='ocr_par' dir='ltr' id='par_1_3' title="bbox 236 616 1469 682">
     <span class='ocr_line' id='line_1_3' title="bbox 236 616 1469 682; baseline 0.002 -12"><span class='ocrx_word' id='word_1_21' title='bbox 236 618 348 670; x_wconf 87' lang='lat' dir='ltr'><strong><em>Natura</em></strong></span> <span class='ocrx_word' id='word_1_22' title='bbox 376 618 467 682; x_wconf 90' lang='lat' dir='ltr'><strong><em>itaque</em></strong></span> <span class='ocrx_word' id='word_1_23' title='bbox 497 616 619 668; x_wconf 82' lang='lat' dir='ltr'><strong><em>bumana</em></strong></span> <span class='ocrx_word' id='word_1_24' title='bbox 647 616 794 667; x_wconf 75' lang='lat' dir='ltr'><strong><em>inconsulte</em></strong></span> <span class='ocrx_word' id='word_1_25' title='bbox 816 616 935 682; x_wconf 87' lang='lat' dir='ltr'><strong><em>maliqno</em></strong></span> <span class='ocrx_word' id='word_1_26' title='bbox 959 616 1077 678; x_wconf 86' lang='lat' dir='ltr'><strong><em>eredens,</em></strong></span> <span class='ocrx_word' id='word_1_27' title='bbox 1103 616 1135 667; x_wconf 89' lang='lat' dir='ltr'><strong><em>de</em></strong></span> <span class='ocrx_word' id='word_1_28' title='bbox 1157 617 1306 669; x_wconf 86' lang='lat' dir='ltr'><strong><em>immortali</em></strong></span> <span class='ocrx_word' id='word_1_29' title='bbox 1331 618 1406 682; x_wconf 76' lang='lat' dir='ltr'><strong><em>facta</em></strong></span> <span class='ocrx_word' id='word_1_30' title='bbox 1431 627 1469 672; x_wconf 87' lang='lat' dir='ltr'><strong><em>est</em></strong></span> 
     </span>
    </p>

    <p class='ocr_par' dir='ltr' id='par_1_4' title="bbox 202 713 1635 978">
     <span class='ocr_line' id='line_1_4' title="bbox 235 713 1634 781; baseline 0.004 -13"><span class='ocrx_word' id='word_1_31' title='bbox 235 716 368 777; x_wconf 88' lang='lat' dir='ltr'><strong><em>mortalis,</em></strong></span> <span class='ocrx_word' id='word_1_32' title='bbox 389 716 421 767; x_wconf 89' lang='lat' dir='ltr'><strong><em>de</em></strong></span> <span class='ocrx_word' id='word_1_33' title='bbox 448 715 526 779; x_wconf 76' lang='lat' dir='ltr'><strong><em>felice</em></strong></span> <span class='ocrx_word' id='word_1_34' title='bbox 548 715 655 779; x_wconf 76' lang='lat' dir='ltr'><strong><em>infelix,</em></strong></span> <span class='ocrx_word' id='word_1_35' title='bbox 681 713 795 781; x_wconf 87' lang='lat' dir='ltr'><strong><em>jamque</em></strong></span> <span class='ocrx_word' id='word_1_36' title='bbox 816 715 949 780; x_wconf 88' lang='lat' dir='ltr'><strong><em>prolapsa</em></strong></span> <span class='ocrx_word' id='word_1_37' title='bbox 977 713 1040 766; x_wconf 71' lang='lat' dir='ltr'><strong><em>in*</em></strong></span> <span class='ocrx_word' id='word_1_38' title='bbox 1066 715 1205 767; x_wconf 82' lang='lat' dir='ltr'><strong><em>miseriam</em></strong></span> <span class='ocrx_word' id='word_1_39' title='bbox 1230 715 1284 768; x_wconf 89' lang='lat' dir='ltr'><strong><em>Dei</em></strong></span> <span class='ocrx_word' id='word_1_40' title='bbox 1306 718 1388 770; x_wconf 85' lang='lat' dir='ltr'><strong><em>etiam</em></strong></span> <span class='ocrx_word' id='word_1_41' title='bbox 1416 718 1468 770; x_wconf 79' lang='lat' dir='ltr'><strong><em>heu</em></strong></span> <span class='ocrx_word' id='word_1_42' title='bbox 1547 720 1634 779; x_wconf 73' lang='lat' dir='ltr'><strong><em>*add</em></strong></span> 
     </span>
     <span class='ocr_line' id='line_1_5' title="bbox 235 792 1635 920; baseline 0.002 -53"><span class='ocrx_word' id='word_1_43' title='bbox 235 815 328 867; x_wconf 88' lang='lat' dir='ltr'><strong><em>amisit</em></strong></span> <span class='ocrx_word' id='word_1_44' title='bbox 351 816 482 866; x_wconf 74' lang='lat' dir='ltr'><em>notitiam.</em></span> <span class='ocrx_word' id='word_1_45' title='bbox 506 813 624 865; x_wconf 78' lang='lat' dir='ltr'><strong><em>Pucinde</em></strong></span> <span class='ocrx_word' id='word_1_46' title='bbox 637 814 666 865; x_wconf 88' lang='lat' dir='ltr'><strong><em>iu</em></strong></span> <span class='ocrx_word' id='word_1_47' title='bbox 683 813 828 865; x_wconf 83' lang='lat' dir='ltr'><strong><em>*deterius</em></strong></span> <span class='ocrx_word' id='word_1_48' title='bbox 840 812 1008 880; x_wconf 71' lang='lat' dir='ltr'><strong><em>procedebat,</em></strong></span> <span class='ocrx_word' id='word_1_49' title='bbox 1027 815 1212 882; x_wconf 73' lang='lat' dir='ltr'><strong><em>creaturisque</em></strong></span> <span class='ocrx_word' id='word_1_50' title='bbox 1231 815 1267 867; x_wconf 90' lang='lat' dir='ltr'><strong><em>ad</em></strong></span> <span class='ocrx_word' id='word_1_51' title='bbox 1284 816 1337 868; x_wconf 88' lang='lat' dir='ltr'><strong><em>sibi</em></strong></span> <span class='ocrx_word' id='word_1_52' title='bbox 1352 819 1467 870; x_wconf 88' lang='lat' dir='ltr'><strong><em>servien-</em></strong></span> <span class='ocrx_word' id='word_1_53' title='bbox 1492 852 1507 883; x_wconf 51' lang='lat'><em>2</em></span> <span class='ocrx_word' id='word_1_54' title='bbox 1520 792 1635 920; x_wconf 38' lang='lat' dir='ltr'><strong><em>affl</em></strong></span> 
     </span>
     <span class='ocr_line' id='line_1_6' title="bbox 202 912 1612 978; baseline 0.001 -10"><span class='ocrx_word' id='word_1_55' title='bbox 202 915 302 968; x_wconf 83' lang='lat' dir='ltr'><strong><em>bdum</em></strong></span> <span class='ocrx_word' id='word_1_56' title='bbox 320 912 481 978; x_wconf 76' lang='lat' dir='ltr'><strong><em>fomentis*</em></strong></span> <span class='ocrx_word' id='word_1_57' title='bbox 505 912 650 964; x_wconf 75' lang='lat' dir='ltr'><strong><em>indebitam</em></strong></span> <span class='ocrx_word' id='word_1_58' title='bbox 669 912 865 964; x_wconf 80' lang='lat' dir='ltr'><strong><em>mnerotionem</em></strong></span> <span class='ocrx_word' id='word_1_59' title='bbox 884 912 1028 964; x_wconf 79' lang='lat' dir='ltr'><strong><em>exhibebat.</em></strong></span> <span class='ocrx_word' id='word_1_60' title='bbox 1049 913 1148 965; x_wconf 82' lang='lat' dir='ltr'><strong><em>Verum</em></strong></span> <span class='ocrx_word' id='word_1_61' title='bbox 1170 915 1242 966; x_wconf 85' lang='lat' dir='ltr'><strong><em>enim</em></strong></span> <span class='ocrx_word' id='word_1_62' title='bbox 1263 931 1324 969; x_wconf 91' lang='lat' dir='ltr'><strong><em>vero</em></strong></span> <span class='ocrx_word' id='word_1_63' title='bbox 1341 915 1355 946; x_wconf 74' lang='grc'><strong><em>*</em></strong></span> <span class='ocrx_word' id='word_1_64' title='bbox 1371 917 1468 970; x_wconf 75' lang='lat' dir='ltr'><strong><em>dioina</em></strong></span> <span class='ocrx_word' id='word_1_65' title='bbox 1535 919 1549 950; x_wconf 74' lang='grc'><strong><em>*</em></strong></span> <span class='ocrx_word' id='word_1_66' title='bbox 1606 923 1612 936; x_wconf 89' lang='grc'><em>“</em></span> 
     </span>
    </p>
   </div>
   <div class='ocr_carea' id='block_1_3' title="bbox 182 983 1635 4731">
    <p class='ocr_par' dir='ltr' id='par_1_5' title="bbox 182 983 1635 4731">
     <span class='ocr_line' id='line_1_7' title="bbox 235 983 1622 1106; baseline 0.001 -41"><span class='ocrx_word' id='word_1_67' title='bbox 235 1012 341 1066; x_wconf 88' lang='lat' dir='ltr'><strong><em>bonitas</em></strong></span> <span class='ocrx_word' id='word_1_68' title='bbox 360 1012 560 1076; x_wconf 75' lang='lat' dir='ltr'><strong><em>misericordia,</em></strong></span> <span class='ocrx_word' id='word_1_69' title='bbox 577 1026 635 1078; x_wconf 75' lang='lat' dir='ltr'><strong><em>ques</em></strong></span> <span class='ocrx_word' id='word_1_70' title='bbox 645 1027 700 1063; x_wconf 87' lang='lat' dir='ltr'><strong><em>nou</em></strong></span> <span class='ocrx_word' id='word_1_71' title='bbox 713 1012 781 1063; x_wconf 88' lang='lat' dir='ltr'><strong><em>valet</em></strong></span> <span class='ocrx_word' id='word_1_72' title='bbox 792 1011 936 1063; x_wconf 88' lang='lat' dir='ltr'><strong><em>obscurari</em></strong></span> <span class='ocrx_word' id='word_1_73' title='bbox 951 1012 1096 1064; x_wconf 79' lang='lat' dir='ltr'><strong><em>crimmum</em></strong></span> <span class='ocrx_word' id='word_1_74' title='bbox 1109 1013 1294 1078; x_wconf 81' lang='lat' dir='ltr'><strong><em>moqnitndine</em></strong></span> <span class='ocrx_word' id='word_1_75' title='bbox 1311 1031 1344 1066; x_wconf 87' lang='lat' dir='ltr'><strong><em>ex</em></strong></span> <span class='ocrx_word' id='word_1_76' title='bbox 1362 1017 1467 1069; x_wconf 71' lang='lat' dir='ltr'><strong><em>modica</em></strong></span> <span class='ocrx_word' id='word_1_77' title='bbox 1508 983 1622 1106; x_wconf 54' lang='lat' dir='ltr'><strong><em>,sfflbff</em></strong></span> 
     </span>
     <span class='ocr_line' id='line_1_8' title="bbox 235 1111 1631 1179; baseline 0.006 -15"><span class='ocrx_word' id='word_1_78' title='bbox 235 1115 316 1179; x_wconf 70' lang='lat' dir='ltr'><strong><em>quatu</em></strong></span> <span class='ocrx_word' id='word_1_79' title='bbox 327 1113 514 1165; x_wconf 77' lang='lat' dir='ltr'><strong><em>semiextinctu</em></strong></span> <span class='ocrx_word' id='word_1_80' title='bbox 528 1111 646 1163; x_wconf 89' lang='lat' dir='ltr'><strong><em>rationis</em></strong></span> <span class='ocrx_word' id='word_1_81' title='bbox 657 1111 785 1174; x_wconf 79' lang='lat' dir='ltr'><strong><em>scitetillo,</em></strong></span> <span class='ocrx_word' id='word_1_82' title='bbox 797 1111 827 1161; x_wconf 90' lang='lat' dir='ltr'><strong><em>in</em></strong></span> <span class='ocrx_word' id='word_1_83' title='bbox 839 1111 1018 1176; x_wconf 89' lang='lat' dir='ltr'><strong><em>quorumdam</em></strong></span> <span class='ocrx_word' id='word_1_84' title='bbox 1037 1111 1139 1162; x_wconf 88' lang='lat' dir='ltr'><strong><em>animis</em></strong></span> <span class='ocrx_word' id='word_1_85' title='bbox 1145 1112 1286 1176; x_wconf 78' lang='lat' dir='ltr'><strong><em>flammam</em></strong></span> <span class='ocrx_word' id='word_1_86' title='bbox 1297 1112 1467 1168; x_wconf 68' lang='lat' dir='ltr'><strong><em>discretionis</em></strong></span> <span class='ocrx_word' id='word_1_87' title='bbox 1543 1133 1568 1171; x_wconf 85' lang='lat' dir='ltr'><strong><em>v.</em></strong></span> <span class='ocrx_word' id='word_1_88' title='bbox 1580 1134 1604 1171; x_wconf 86' lang='lat' dir='ltr'><strong><em>e.</em></strong></span> <span class='ocrx_word' id='word_1_89' title='bbox 1613 1135 1631 1172; x_wconf 85' lang='lat' dir='ltr'>v</span> 
     </span>
     <span class='ocr_line' id='line_1_9' title="bbox 235 1207 1607 1281; baseline 0.001 -16"><span class='ocrx_word' id='word_1_90' title='bbox 235 1214 346 1266; x_wconf 89' lang='lat' dir='ltr'><strong><em>illucere</em></strong></span> <span class='ocrx_word' id='word_1_91' title='bbox 365 1212 445 1271; x_wconf 84' lang='lat' dir='ltr'><strong><em>dedit,</em></strong></span> <span class='ocrx_word' id='word_1_92' title='bbox 465 1217 496 1263; x_wconf 91' lang='lat' dir='ltr'><strong><em>ut</em></strong></span> <span class='ocrx_word' id='word_1_93' title='bbox 504 1227 557 1277; x_wconf 86' lang='lat' dir='ltr'><strong><em>per</em></strong></span> <span class='ocrx_word' id='word_1_94' title='bbox 580 1210 700 1262; x_wconf 88' lang='lat' dir='ltr'><strong><em>visibilia</em></strong></span> <span class='ocrx_word' id='word_1_95' title='bbox 719 1216 744 1261; x_wconf 91' lang='lat' dir='ltr'><strong><em>et</em></strong></span> <span class='ocrx_word' id='word_1_96' title='bbox 765 1208 881 1261; x_wconf 88' lang='lat' dir='ltr'><strong><em>labentia</em></strong></span> <span class='ocrx_word' id='word_1_97' title='bbox 903 1216 1085 1275; x_wconf 85' lang='lat' dir='ltr'><strong><em>coqnoscerent</em></strong></span> <span class='ocrx_word' id='word_1_98' title='bbox 1107 1211 1267 1263; x_wconf 78' lang='lat' dir='ltr'><strong><em>invisibilem</em></strong></span> <span class='ocrx_word' id='word_1_99' title='bbox 1288 1221 1466 1281; x_wconf 65' lang='lat' dir='ltr'><strong><em>satanamque</em></strong></span> <span class='ocrx_word' id='word_1_100' title='bbox 1603 1207 1607 1217; x_wconf 86' lang='grc'><strong>’</strong></span> 
     </span>
     <span class='ocr_line' id='line_1_10' title="bbox 234 1306 1467 1380; baseline 0.001 -18"><span class='ocrx_word' id='word_1_101' title='bbox 234 1315 390 1362; x_wconf 89' lang='lat' dir='ltr'><strong><em>creatorem.</em></strong></span> <span class='ocrx_word' id='word_1_102' title='bbox 415 1307 558 1359; x_wconf 78' lang='lat' dir='ltr'><strong><em>Enimvero</em></strong></span> <span class='ocrx_word' id='word_1_103' title='bbox 582 1313 661 1359; x_wconf 82' lang='lat' dir='ltr'><strong><em>tantu</em></strong></span> <span class='ocrx_word' id='word_1_104' title='bbox 682 1306 837 1371; x_wconf 83' lang='lat' dir='ltr'><strong><em>larqitionis</em></strong></span> <span class='ocrx_word' id='word_1_105' title='bbox 859 1306 956 1380; x_wconf 64' lang='lat' dir='ltr'><strong><em>divinis</em></strong></span> <span class='ocrx_word' id='word_1_106' title='bbox 977 1307 1083 1371; x_wconf 85' lang='lat' dir='ltr'><strong><em>inqrati</em></strong></span> <span class='ocrx_word' id='word_1_107' title='bbox 1107 1308 1254 1371; x_wconf 79' lang='lat' dir='ltr'><strong><em>existentes,</em></strong></span> <span class='ocrx_word' id='word_1_108' title='bbox 1271 1309 1341 1374; x_wconf 76' lang='lat' dir='ltr'><strong><em>prole</em></strong></span> <span class='ocrx_word' id='word_1_109' title='bbox 1372 1310 1467 1363; x_wconf 85' lang='lat' dir='ltr'><strong><em>dolor!</em></strong></span> 
     </span>
     <span class='ocr_line' id='line_1_11' title="bbox 186 1405 1466 1473; baseline 0.003 -15"><span class='ocrx_word' id='word_1_110' title='bbox 186 1409 216 1460; x_wconf 79' lang='lat' dir='ltr'><strong><em>to</em></strong></span> <span class='ocrx_word' id='word_1_111' title='bbox 235 1425 268 1462; x_wconf 85' lang='lat' dir='ltr'><strong><em>ex</em></strong></span> <span class='ocrx_word' id='word_1_112' title='bbox 280 1410 374 1472; x_wconf 76' lang='lat' dir='ltr'><strong><em>infusa</em></strong></span> <span class='ocrx_word' id='word_1_113' title='bbox 386 1407 496 1459; x_wconf 86' lang='lat' dir='ltr'><strong><em>veritate</em></strong></span> <span class='ocrx_word' id='word_1_114' title='bbox 515 1407 665 1458; x_wconf 88' lang='lat' dir='ltr'><strong><em>induerunt</em></strong></span> <span class='ocrx_word' id='word_1_115' title='bbox 684 1422 712 1457; x_wconf 90' lang='lat' dir='ltr'><strong><em>se</em></strong></span> <span class='ocrx_word' id='word_1_116' title='bbox 735 1405 836 1470; x_wconf 86' lang='lat' dir='ltr'><strong><em>majori</em></strong></span> <span class='ocrx_word' id='word_1_117' title='bbox 858 1406 1021 1470; x_wconf 71' lang='lat' dir='ltr'><strong><em>confusione.</em></strong></span> <span class='ocrx_word' id='word_1_118' title='bbox 1039 1405 1111 1457; x_wconf 89' lang='lat' dir='ltr'><strong><em>Nam</em></strong></span> <span class='ocrx_word' id='word_1_119' title='bbox 1131 1407 1185 1458; x_wconf 90' lang='lat' dir='ltr'><strong><em>sibi</em></strong></span> <span class='ocrx_word' id='word_1_120' title='bbox 1198 1415 1352 1473; x_wconf 72' lang='lat' dir='ltr'><strong><em>rqoutantcs</em></strong></span> <span class='ocrx_word' id='word_1_121' title='bbox 1372 1416 1397 1462; x_wconf 90' lang='lat' dir='ltr'><strong><em>et</em></strong></span> <span class='ocrx_word' id='word_1_122' title='bbox 1412 1426 1466 1462; x_wconf 91' lang='lat' dir='ltr'><strong><em>nen</em></strong></span> 
     </span>
     <span class='ocr_line' id='line_1_12' title="bbox 234 1505 1467 1574; baseline -0.002 -13"><span class='ocrx_word' id='word_1_123' title='bbox 234 1508 290 1561; x_wconf 89' lang='lat' dir='ltr'><strong><em>Deo</em></strong></span> <span class='ocrx_word' id='word_1_124' title='bbox 310 1523 392 1574; x_wconf 89' lang='lat' dir='ltr'><strong><em>quam</em></strong></span> <span class='ocrx_word' id='word_1_125' title='bbox 416 1505 449 1558; x_wconf 88' lang='lat' dir='ltr'><strong><em>ab</em></strong></span> <span class='ocrx_word' id='word_1_126' title='bbox 466 1506 526 1571; x_wconf 89' lang='lat' dir='ltr'><strong><em>ipso</em></strong></span> <span class='ocrx_word' id='word_1_127' title='bbox 549 1509 705 1569; x_wconf 85' lang='lat' dir='ltr'><strong><em>acceperant</em></strong></span> <span class='ocrx_word' id='word_1_128' title='bbox 726 1505 858 1568; x_wconf 79' lang='lat' dir='ltr'><strong><em>notitiam,</em></strong></span> <span class='ocrx_word' id='word_1_129' title='bbox 880 1505 916 1556; x_wconf 88' lang='lat' dir='ltr'><strong><em>ad</em></strong></span> <span class='ocrx_word' id='word_1_130' title='bbox 935 1510 1039 1556; x_wconf 88' lang='lat' dir='ltr'><strong><em>tantam</em></strong></span> <span class='ocrx_word' id='word_1_131' title='bbox 1061 1505 1177 1558; x_wconf 88' lang='lat' dir='ltr'><strong><em>devoluti</em></strong></span> <span class='ocrx_word' id='word_1_132' title='bbox 1194 1513 1258 1558; x_wconf 80' lang='lat' dir='ltr'><strong><em>sunt</em></strong></span> <span class='ocrx_word' id='word_1_133' title='bbox 1274 1508 1425 1573; x_wconf 89' lang='lat' dir='ltr'><strong><em>stultitiam,</em></strong></span> <span class='ocrx_word' id='word_1_134' title='bbox 1436 1515 1467 1560; x_wconf 88' lang='lat' dir='ltr'><strong><em>ut</em></strong></span> 
     </span>
     <span class='ocr_line' id='line_1_13' title="bbox 233 1601 1467 1672; baseline 0.001 -14"><span class='ocrx_word' id='word_1_135' title='bbox 233 1606 387 1658; x_wconf 88' lang='lat' dir='ltr'><strong><em>divinitatis</em></strong></span> <span class='ocrx_word' id='word_1_136' title='bbox 396 1620 494 1656; x_wconf 88' lang='lat' dir='ltr'><strong><em>nomeu</em></strong></span> <span class='ocrx_word' id='word_1_137' title='bbox 503 1603 814 1669; x_wconf 81' lang='lat' dir='ltr'><strong><em>imaqinibusliomiuum</em></strong></span> <span class='ocrx_word' id='word_1_138' title='bbox 822 1601 1049 1669; x_wconf 83' lang='lat' dir='ltr'><strong><em>corruptibilium,</em></strong></span> <span class='ocrx_word' id='word_1_139' title='bbox 1058 1603 1264 1671; x_wconf 78' lang='lat' dir='ltr'><strong><em>quadrupedum</em></strong></span> <span class='ocrx_word' id='word_1_140' title='bbox 1276 1607 1467 1672; x_wconf 87' lang='lat' dir='ltr'><strong><em>reptiliumque</em></strong></span> 
     </span>
     <span class='ocr_line' id='line_1_14' title="bbox 234 1702 1466 1771; baseline 0.001 -14"><span class='ocrx_word' id='word_1_141' title='bbox 234 1710 368 1771; x_wconf 76' lang='lat' dir='ltr'><strong><em>aptamnt,</em></strong></span> <span class='ocrx_word' id='word_1_142' title='bbox 380 1709 460 1769; x_wconf 90' lang='lat' dir='ltr'><strong><em>atque</em></strong></span> <span class='ocrx_word' id='word_1_143' title='bbox 469 1705 509 1754; x_wconf 90' lang='lat' dir='ltr'><strong><em>ito</em></strong></span> <span class='ocrx_word' id='word_1_144' title='bbox 518 1718 567 1754; x_wconf 90' lang='lat' dir='ltr'><strong><em>suo</em></strong></span> <span class='ocrx_word' id='word_1_145' title='bbox 578 1718 605 1754; x_wconf 90' lang='lat' dir='ltr'><strong><em>se</em></strong></span> <span class='ocrx_word' id='word_1_146' title='bbox 616 1702 692 1768; x_wconf 79' lang='lat' dir='ltr'><strong><em>operi</em></strong></span> <span class='ocrx_word' id='word_1_147' title='bbox 703 1702 822 1769; x_wconf 79' lang='lat' dir='ltr'><strong><em>turpiter</em></strong></span> <span class='ocrx_word' id='word_1_148' title='bbox 832 1709 1019 1768; x_wconf 84' lang='lat' dir='ltr'><strong><em>supponerent,</em></strong></span> <span class='ocrx_word' id='word_1_149' title='bbox 1028 1703 1095 1768; x_wconf 87' lang='lat' dir='ltr'><strong><em>quio</em></strong></span> <span class='ocrx_word' id='word_1_150' title='bbox 1103 1704 1298 1757; x_wconf 86' lang='lat' dir='ltr'><strong><em>rationalitatis</em></strong></span> <span class='ocrx_word' id='word_1_151' title='bbox 1309 1705 1466 1770; x_wconf 85' lang='lat' dir='ltr'><strong><em>diqnitatem</em></strong></span> 
     </span>
     <span class='ocr_line' id='line_1_15' title="bbox 233 1801 1465 1869; baseline 0.002 -14"><span class='ocrx_word' id='word_1_152' title='bbox 233 1803 289 1856; x_wconf 83' lang='lat' dir='ltr'><strong><em>sibi</em></strong></span> <span class='ocrx_word' id='word_1_153' title='bbox 296 1820 313 1854; x_wconf 89' lang='lat' dir='ltr'><strong><em>a</em></strong></span> <span class='ocrx_word' id='word_1_154' title='bbox 325 1803 382 1855; x_wconf 86' lang='lat' dir='ltr'><strong><em>Deo</em></strong></span> <span class='ocrx_word' id='word_1_155' title='bbox 393 1803 485 1855; x_wconf 75' lang='lat' dir='ltr'><strong><em>indite</em></strong></span> <span class='ocrx_word' id='word_1_156' title='bbox 496 1802 670 1867; x_wconf 89' lang='lat' dir='ltr'><strong><em>neqlexerunt</em></strong></span> <span class='ocrx_word' id='word_1_157' title='bbox 680 1816 829 1865; x_wconf 86' lang='lat' dir='ltr'><strong><em>aquosccre.</em></strong></span> <span class='ocrx_word' id='word_1_158' title='bbox 838 1801 911 1852; x_wconf 87' lang='lat' dir='ltr'><strong><em>Hinc</em></strong></span> <span class='ocrx_word' id='word_1_159' title='bbox 919 1807 964 1863; x_wconf 89' lang='lat' dir='ltr'><strong><em>est,</em></strong></span> <span class='ocrx_word' id='word_1_160' title='bbox 973 1802 1046 1867; x_wconf 86' lang='lat' dir='ltr'><strong><em>quod</em></strong></span> <span class='ocrx_word' id='word_1_161' title='bbox 1057 1801 1200 1868; x_wconf 88' lang='lat' dir='ltr'><strong><em>aquodam</em></strong></span> <span class='ocrx_word' id='word_1_162' title='bbox 1208 1803 1465 1869; x_wconf 70' lang='lat' dir='ltr'><strong><em>quidem*fabuloso</em></strong></span> 
     </span>
     <span class='ocr_line' id='line_1_16' title="bbox 187 1899 1464 1970; baseline 0.005 -20"><span class='ocrx_word' id='word_1_163' title='bbox 187 1899 217 1950; x_wconf 78' lang='lat' dir='ltr'><strong><em>lb</em></strong></span> <span class='ocrx_word' id='word_1_164' title='bbox 235 1902 393 1955; x_wconf 82' lang='lat' dir='ltr'><strong><em>Promotluv</em></strong></span> <span class='ocrx_word' id='word_1_165' title='bbox 413 1902 544 1953; x_wconf 84' lang='lat' dir='ltr'><strong><em>dixerunt</em></strong></span> <span class='ocrx_word' id='word_1_166' title='bbox 562 1900 696 1952; x_wconf 85' lang='lat' dir='ltr'><strong><em>bominem</em></strong></span> <span class='ocrx_word' id='word_1_167' title='bbox 716 1900 816 1966; x_wconf 75' lang='lat' dir='ltr'><strong><em>fictum,</em></strong></span> <span class='ocrx_word' id='word_1_168' title='bbox 834 1917 851 1951; x_wconf 93' lang='lat' dir='ltr'><strong><em>a</em></strong></span> <span class='ocrx_word' id='word_1_169' title='bbox 874 1899 995 1952; x_wconf 82' lang='lat' dir='ltr'><strong><em>Saturno</em></strong></span> <span class='ocrx_word' id='word_1_170' title='bbox 1015 1901 1128 1967; x_wconf 87' lang='lat' dir='ltr'><strong><em>quodam</em></strong></span> <span class='ocrx_word' id='word_1_171' title='bbox 1148 1903 1240 1953; x_wconf 84' lang='lat' dir='ltr'><strong><em>voraci</em></strong></span> <span class='ocrx_word' id='word_1_172' title='bbox 1258 1904 1348 1954; x_wconf 88' lang='lat' dir='ltr'><strong><em>secula</em></strong></span> <span class='ocrx_word' id='word_1_173' title='bbox 1358 1905 1464 1970; x_wconf 86' lang='lat' dir='ltr'><strong><em>cepisse,</em></strong></span> 
     </span>
     <span class='ocr_line' id='line_1_17' title="bbox 233 1999 1466 2066; baseline 0.001 -13"><span class='ocrx_word' id='word_1_174' title='bbox 233 2001 326 2054; x_wconf 85' lang='lat' dir='ltr'><strong><em>Jorem</em></strong></span> <span class='ocrx_word' id='word_1_175' title='bbox 334 2001 427 2066; x_wconf 89' lang='lat' dir='ltr'><strong><em>patris</em></strong></span> <span class='ocrx_word' id='word_1_176' title='bbox 437 2005 642 2066; x_wconf 84' lang='lat' dir='ltr'><strong><em>persecutorem,</em></strong></span> <span class='ocrx_word' id='word_1_177' title='bbox 660 1999 830 2064; x_wconf 87' lang='lat' dir='ltr'><strong><em>omniumque</em></strong></span> <span class='ocrx_word' id='word_1_178' title='bbox 845 1999 1014 2064; x_wconf 80' lang='lat' dir='ltr'><strong><em>fiaqitiorum</em></strong></span> <span class='ocrx_word' id='word_1_179' title='bbox 1025 1999 1199 2065; x_wconf 72' lang='lat' dir='ltr'><strong><em>impudicitia</em></strong></span> <span class='ocrx_word' id='word_1_180' title='bbox 1208 2001 1398 2054; x_wconf 85' lang='lat' dir='ltr'><strong><em>instructorem</em></strong></span> <span class='ocrx_word' id='word_1_181' title='bbox 1409 2004 1466 2055; x_wconf 78' lang='lat' dir='ltr'><strong><em>celi</em></strong></span> 
     </span>
     <span class='ocr_line' id='line_1_18' title="bbox 195 2097 1465 2166; baseline 0.003 -16"><span class='ocrx_word' id='word_1_182' title='bbox 195 2115 199 2123; x_wconf 93' lang='lat'>·</span> <span class='ocrx_word' id='word_1_183' title='bbox 233 2105 397 2166; x_wconf 82' lang='lat' dir='ltr'><strong><em>putaverunt</em></strong></span> <span class='ocrx_word' id='word_1_184' title='bbox 416 2115 472 2150; x_wconf 90' lang='lat' dir='ltr'><strong><em>esse</em></strong></span> <span class='ocrx_word' id='word_1_185' title='bbox 486 2098 793 2163; x_wconf 79' lang='lat' dir='ltr'><strong><em>requatorem.Qnorum</em></strong></span> <span class='ocrx_word' id='word_1_186' title='bbox 811 2097 869 2150; x_wconf 76' lang='lat' dir='ltr'><strong><em>vitu</em></strong></span> <span class='ocrx_word' id='word_1_187' title='bbox 888 2105 972 2160; x_wconf 89' lang='lat' dir='ltr'><strong><em>actus,</em></strong></span> <span class='ocrx_word' id='word_1_188' title='bbox 982 2098 1206 2164; x_wconf 72' lang='lat' dir='ltr'><strong><em>quenadmodum</em></strong></span> <span class='ocrx_word' id='word_1_189' title='bbox 1225 2099 1381 2152; x_wconf 85' lang='lat' dir='ltr'><strong><em>litteratura</em></strong></span> <span class='ocrx_word' id='word_1_190' title='bbox 1392 2102 1465 2154; x_wconf 89' lang='lat' dir='ltr'><strong><em>docet</em></strong></span> 
     </span>
     <span class='ocr_line' id='line_1_19' title="bbox 234 2195 1464 2266; baseline 0.002 -16"><span class='ocrx_word' id='word_1_191' title='bbox 234 2205 315 2261; x_wconf 88' lang='lat' dir='ltr'><strong><em>vetus,</em></strong></span> <span class='ocrx_word' id='word_1_192' title='bbox 335 2204 519 2264; x_wconf 88' lang='lat' dir='ltr'><strong><em>quantumque</em></strong></span> <span class='ocrx_word' id='word_1_193' title='bbox 542 2197 578 2248; x_wconf 89' lang='lat' dir='ltr'><strong><em>ad</em></strong></span> <span class='ocrx_word' id='word_1_194' title='bbox 590 2197 676 2262; x_wconf 89' lang='lat' dir='ltr'><strong><em>lequm</em></strong></span> <span class='ocrx_word' id='word_1_195' title='bbox 694 2195 904 2248; x_wconf 73' lang='lat' dir='ltr'><strong><em>bumanorum*</em></strong></span> <span class='ocrx_word' id='word_1_196' title='bbox 923 2213 1064 2249; x_wconf 84' lang='lat' dir='ltr'><strong><em>censuram</em></strong></span> <span class='ocrx_word' id='word_1_197' title='bbox 1082 2198 1183 2260; x_wconf 86' lang='lat' dir='ltr'><strong><em>attinet,</em></strong></span> <span class='ocrx_word' id='word_1_198' title='bbox 1205 2200 1294 2265; x_wconf 85' lang='lat' dir='ltr'><strong><em>maqis</em></strong></span> <span class='ocrx_word' id='word_1_199' title='bbox 1308 2199 1464 2266; x_wconf 86' lang='lat' dir='ltr'><strong><em>probantur</em></strong></span> 
     </span>
     <span class='ocr_line' id='line_1_20' title="bbox 234 2295 1463 2364; baseline 0.002 -14"><span class='ocrx_word' id='word_1_200' title='bbox 234 2298 352 2360; x_wconf 80' lang='lat' dir='ltr'><strong><em>odibiles,</em></strong></span> <span class='ocrx_word' id='word_1_201' title='bbox 365 2313 446 2363; x_wconf 88' lang='lat' dir='ltr'><strong><em>quam</em></strong></span> <span class='ocrx_word' id='word_1_202' title='bbox 455 2296 622 2349; x_wconf 79' lang='lat' dir='ltr'><strong><em>celebremur</em></strong></span> <span class='ocrx_word' id='word_1_203' title='bbox 632 2296 791 2362; x_wconf 83' lang='lat' dir='ltr'><strong><em>probabiles.</em></strong></span> <span class='ocrx_word' id='word_1_204' title='bbox 804 2295 835 2347; x_wconf 82' lang='lat' dir='ltr'><strong><em>Si</em></strong></span> <span class='ocrx_word' id='word_1_205' title='bbox 843 2298 913 2348; x_wconf 88' lang='lat' dir='ltr'><strong><em>enim</em></strong></span> <span class='ocrx_word' id='word_1_206' title='bbox 925 2297 1055 2348; x_wconf 90' lang='lat' dir='ltr'><strong><em>divinitas</em></strong></span> <span class='ocrx_word' id='word_1_207' title='bbox 1065 2297 1181 2362; x_wconf 76' lang='lat' dir='ltr'><strong><em>simplex</em></strong></span> <span class='ocrx_word' id='word_1_208' title='bbox 1196 2303 1221 2348; x_wconf 88' lang='lat' dir='ltr'><strong><em>et</em></strong></span> <span class='ocrx_word' id='word_1_209' title='bbox 1236 2297 1463 2364; x_wconf 79' lang='lat' dir='ltr'><strong><em>incorruptibilis,</em></strong></span> 
     </span>
     <span class='ocr_line' id='line_1_21' title="bbox 184 2391 1465 2463; baseline 0.001 -13"><span class='ocrx_word' id='word_1_210' title='bbox 184 2391 217 2443; x_wconf 74' lang='lat'><strong><em>2⁰</em></strong></span> <span class='ocrx_word' id='word_1_211' title='bbox 235 2398 371 2451; x_wconf 86' lang='lat' dir='ltr'><strong><em>luminosa</em></strong></span> <span class='ocrx_word' id='word_1_212' title='bbox 382 2403 406 2449; x_wconf 89' lang='lat' dir='ltr'><strong><em>et</em></strong></span> <span class='ocrx_word' id='word_1_213' title='bbox 417 2397 566 2449; x_wconf 87' lang='lat' dir='ltr'><strong><em>reverencia</em></strong></span> <span class='ocrx_word' id='word_1_214' title='bbox 578 2411 633 2447; x_wconf 85' lang='lat' dir='ltr'><strong><em>esse</em></strong></span> <span class='ocrx_word' id='word_1_215' title='bbox 649 2402 768 2447; x_wconf 86' lang='lat' dir='ltr'><strong><em>constat:</em></strong></span> <span class='ocrx_word' id='word_1_216' title='bbox 778 2412 866 2448; x_wconf 90' lang='lat' dir='ltr'><strong><em>nonne</em></strong></span> <span class='ocrx_word' id='word_1_217' title='bbox 876 2396 1017 2447; x_wconf 87' lang='lat' dir='ltr'><strong><em>insaniunt</em></strong></span> <span class='ocrx_word' id='word_1_218' title='bbox 1034 2396 1083 2463; x_wconf 87' lang='lat' dir='ltr'><strong><em>qui</em></strong></span> <span class='ocrx_word' id='word_1_219' title='bbox 1101 2412 1160 2449; x_wconf 90' lang='lat' dir='ltr'><strong><em>eam</em></strong></span> <span class='ocrx_word' id='word_1_220' title='bbox 1179 2397 1334 2450; x_wconf 87' lang='lat' dir='ltr'><strong><em>assimilant</em></strong></span> <span class='ocrx_word' id='word_1_221' title='bbox 1350 2400 1465 2451; x_wconf 82' lang='lat' dir='ltr'><strong><em>scurrili</em></strong></span> 
     </span>
     <span class='ocr_line' id='line_1_22' title="bbox 234 2492 1464 2562; baseline 0.002 -16"><span class='ocrx_word' id='word_1_222' title='bbox 234 2500 314 2561; x_wconf 89' lang='lat' dir='ltr'><strong><em>atque</em></strong></span> <span class='ocrx_word' id='word_1_223' title='bbox 325 2494 470 2559; x_wconf 76' lang='lat' dir='ltr'><strong><em>flaqitiosu</em></strong></span> <span class='ocrx_word' id='word_1_224' title='bbox 481 2493 669 2544; x_wconf 79' lang='lat' dir='ltr'><strong><em>humarvitotit</em></strong></span> <span class='ocrx_word' id='word_1_225' title='bbox 685 2492 759 2544; x_wconf 88' lang='lat' dir='ltr'><strong><em>Unde</em></strong></span> <span class='ocrx_word' id='word_1_226' title='bbox 775 2492 915 2558; x_wconf 89' lang='lat' dir='ltr'><strong><em>scriptura</em></strong></span> <span class='ocrx_word' id='word_1_227' title='bbox 926 2492 1027 2544; x_wconf 77' lang='lat' dir='ltr'><strong><em>celitus</em></strong></span> <span class='ocrx_word' id='word_1_228' title='bbox 1043 2492 1237 2546; x_wconf 88' lang='lat' dir='ltr'><strong><em>administrata</em></strong></span> <span class='ocrx_word' id='word_1_229' title='bbox 1248 2495 1315 2546; x_wconf 91' lang='lat' dir='ltr'><strong><em>tales</em></strong></span> <span class='ocrx_word' id='word_1_230' title='bbox 1330 2495 1464 2562; x_wconf 88' lang='lat' dir='ltr'><strong><em>improbat</em></strong></span> 
     </span>
     <span class='ocr_line' id='line_1_23' title="bbox 234 2590 1463 2658; baseline 0.001 -14"><span class='ocrx_word' id='word_1_231' title='bbox 234 2592 295 2644; x_wconf 89' lang='lat' dir='ltr'><strong><em>deos</em></strong></span> <span class='ocrx_word' id='word_1_232' title='bbox 319 2607 466 2658; x_wconf 88' lang='lat' dir='ltr'><strong><em>eorumque</em></strong></span> <span class='ocrx_word' id='word_1_233' title='bbox 490 2591 606 2642; x_wconf 88' lang='lat' dir='ltr'><strong><em>cultores</em></strong></span> <span class='ocrx_word' id='word_1_234' title='bbox 628 2591 738 2643; x_wconf 88' lang='lat' dir='ltr'><strong><em>dicens:</em></strong></span> <span class='ocrx_word' id='word_1_235' title='bbox 760 2590 891 2642; x_wconf 78' lang='lat' dir='ltr'><strong><em>⁸·0mnes</em></strong></span> <span class='ocrx_word' id='word_1_236' title='bbox 910 2591 952 2642; x_wconf 88' lang='lat' dir='ltr'><strong><em>dii</em></strong></span> <span class='ocrx_word' id='word_1_237' title='bbox 973 2591 1094 2656; x_wconf 89' lang='lat' dir='ltr'><strong><em>qentium</em></strong></span> <span class='ocrx_word' id='word_1_238' title='bbox 1116 2591 1245 2644; x_wconf 66' lang='lat' dir='ltr'><strong><em>monia</em></strong></span> <span class='ocrx_word' id='word_1_239' title='bbox 1268 2631 1296 2656; x_wconf 90' lang='lat'><strong><em>,.</em></strong></span> <span class='ocrx_word' id='word_1_240' title='bbox 1312 2592 1350 2645; x_wconf 81' lang='lat' dir='ltr'><strong><em>Et</em></strong></span> <span class='ocrx_word' id='word_1_241' title='bbox 1364 2594 1463 2645; x_wconf 88' lang='lat' dir='ltr'><strong><em>iterum</em></strong></span> 
     </span>
     <span class='ocr_line' id='line_1_24' title="bbox 234 2688 1463 2754; baseline 0.002 -14"><span class='ocrx_word' id='word_1_242' title='bbox 234 2688 397 2740; x_wconf 85' lang='lat' dir='ltr'><strong><em>‘Simulcvo</em></strong></span> <span class='ocrx_word' id='word_1_243' title='bbox 413 2690 536 2754; x_wconf 88' lang='lat' dir='ltr'><strong><em>qeutium</em></strong></span> <span class='ocrx_word' id='word_1_244' title='bbox 555 2695 697 2753; x_wconf 81' lang='lat' dir='ltr'><strong><em>arpentum</em></strong></span> <span class='ocrx_word' id='word_1_245' title='bbox 708 2695 731 2739; x_wconf 85' lang='lat' dir='ltr'><strong><em>et</em></strong></span> <span class='ocrx_word' id='word_1_246' title='bbox 747 2703 856 2752; x_wconf 91' lang='lat' dir='ltr'><strong><em>aurum,</em></strong></span> <span class='ocrx_word' id='word_1_247' title='bbox 872 2703 955 2754; x_wconf 89' lang='lat' dir='ltr'><strong><em>opera</em></strong></span> <span class='ocrx_word' id='word_1_248' title='bbox 970 2703 1102 2739; x_wconf 88' lang='lat' dir='ltr'><strong><em>manuum</em></strong></span> <span class='ocrx_word' id='word_1_249' title='bbox 1120 2688 1276 2740; x_wconf 78' lang='lat' dir='ltr'><strong><em>bominum:</em></strong></span> <span class='ocrx_word' id='word_1_250' title='bbox 1287 2705 1317 2741; x_wconf 92' lang='lat' dir='ltr'><strong><em>os</em></strong></span> <span class='ocrx_word' id='word_1_251' title='bbox 1327 2690 1423 2742; x_wconf 82' lang='lat' dir='ltr'><strong><em>liabent</em></strong></span> <span class='ocrx_word' id='word_1_252' title='bbox 1439 2695 1463 2742; x_wconf 84' lang='lat' dir='ltr'><strong><em>et</em></strong></span> 
     </span>
     <span class='ocr_line' id='line_1_25' title="bbox 232 2786 1463 2854; baseline 0.001 -13"><span class='ocrx_word' id='word_1_253' title='bbox 232 2803 287 2841; x_wconf 90' lang='lat' dir='ltr'><strong><em>nan</em></strong></span> <span class='ocrx_word' id='word_1_254' title='bbox 298 2789 456 2854; x_wconf 90' lang='lat' dir='ltr'><strong><em>loquuntur,</em></strong></span> <span class='ocrx_word' id='word_1_255' title='bbox 468 2787 571 2839; x_wconf 84' lang='lat' dir='ltr'><strong><em>similes</em></strong></span> <span class='ocrx_word' id='word_1_256' title='bbox 584 2787 640 2838; x_wconf 88' lang='lat' dir='ltr'><strong><em>illis</em></strong></span> <span class='ocrx_word' id='word_1_257' title='bbox 659 2787 735 2851; x_wconf 74' lang='lat' dir='ltr'><strong><em>fiant,</em></strong></span> <span class='ocrx_word' id='word_1_258' title='bbox 747 2788 795 2853; x_wconf 90' lang='lat' dir='ltr'><strong><em>qui</em></strong></span> <span class='ocrx_word' id='word_1_259' title='bbox 806 2787 897 2838; x_wconf 91' lang='lat' dir='ltr'><strong><em>colunt</em></strong></span> <span class='ocrx_word' id='word_1_260' title='bbox 906 2802 937 2838; x_wconf 89' lang='lat' dir='ltr'><strong><em>eo</em></strong></span> <span class='ocrx_word' id='word_1_261' title='bbox 951 2825 962 2850; x_wconf 86' lang='lat'><strong><em>,</em></strong></span> <span class='ocrx_word' id='word_1_262' title='bbox 974 2825 980 2837; x_wconf 93' lang='lat'><strong><em>.</em></strong></span> <span class='ocrx_word' id='word_1_263' title='bbox 990 2786 1084 2838; x_wconf 89' lang='lat' dir='ltr'><strong><em>Nonne</em></strong></span> <span class='ocrx_word' id='word_1_264' title='bbox 1096 2803 1125 2839; x_wconf 92' lang='lat' dir='ltr'><strong><em>os</em></strong></span> <span class='ocrx_word' id='word_1_265' title='bbox 1141 2786 1259 2840; x_wconf 82' lang='lat' dir='ltr'><strong><em>bominis</em></strong></span> <span class='ocrx_word' id='word_1_266' title='bbox 1279 2790 1350 2854; x_wconf 90' lang='lat' dir='ltr'><strong><em>quod</em></strong></span> <span class='ocrx_word' id='word_1_267' title='bbox 1368 2789 1463 2842; x_wconf 77' lang='lat' dir='ltr'><strong><em>laudes</em></strong></span> 
     </span>
     <span class='ocr_line' id='line_1_26' title="bbox 183 2885 1462 2953; baseline 0.003 -17"><span class='ocrx_word' id='word_1_268' title='bbox 183 2885 215 2936; x_wconf 72' lang='lat'><strong><em>25</em></strong></span> <span class='ocrx_word' id='word_1_269' title='bbox 232 2893 338 2939; x_wconf 90' lang='lat' dir='ltr'><strong><em>tantum</em></strong></span> <span class='ocrx_word' id='word_1_270' title='bbox 350 2886 403 2937; x_wconf 87' lang='lat' dir='ltr'><strong><em>Dei</em></strong></span> <span class='ocrx_word' id='word_1_271' title='bbox 411 2886 484 2938; x_wconf 89' lang='lat' dir='ltr'><strong><em>debet</em></strong></span> <span class='ocrx_word' id='word_1_272' title='bbox 495 2901 592 2937; x_wconf 88' lang='lat' dir='ltr'><strong><em>souare</em></strong></span> <span class='ocrx_word' id='word_1_273' title='bbox 600 2892 703 2936; x_wconf 69' lang='lat' dir='ltr'><strong><em>cnutum</em></strong></span> <span class='ocrx_word' id='word_1_274' title='bbox 712 2885 819 2950; x_wconf 81' lang='lat' dir='ltr'><strong><em>fit,dum</em></strong></span> <span class='ocrx_word' id='word_1_275' title='bbox 830 2885 925 2950; x_wconf 85' lang='lat' dir='ltr'><strong><em>turpia</em></strong></span> <span class='ocrx_word' id='word_1_276' title='bbox 936 2891 960 2937; x_wconf 91' lang='lat' dir='ltr'><strong><em>et</em></strong></span> <span class='ocrx_word' id='word_1_277' title='bbox 971 2885 1176 2938; x_wconf 75' lang='lat' dir='ltr'><strong><em>irrationabilia</em></strong></span> <span class='ocrx_word' id='word_1_278' title='bbox 1187 2888 1333 2953; x_wconf 80' lang='lat' dir='ltr'><strong><em>loquitur?</em></strong></span> <span class='ocrx_word' id='word_1_279' title='bbox 1350 2887 1462 2940; x_wconf 86' lang='lat' dir='ltr'><strong><em>Verbum</em></strong></span> 
     </span>
     <span class='ocr_line' id='line_1_27' title="bbox 232 2985 1464 3051; baseline 0.002 -14"><span class='ocrx_word' id='word_1_280' title='bbox 232 2987 304 3038; x_wconf 89' lang='lat' dir='ltr'><strong><em>enim</em></strong></span> <span class='ocrx_word' id='word_1_281' title='bbox 315 2987 341 3037; x_wconf 93' lang='lat' dir='ltr'><strong><em>si</em></strong></span> <span class='ocrx_word' id='word_1_282' title='bbox 349 3001 403 3037; x_wconf 90' lang='lat' dir='ltr'><strong><em>non</em></strong></span> <span class='ocrx_word' id='word_1_283' title='bbox 415 2991 453 3037; x_wconf 86' lang='lat' dir='ltr'><strong><em>est</em></strong></span> <span class='ocrx_word' id='word_1_284' title='bbox 461 3001 561 3047; x_wconf 85' lang='lat' dir='ltr'><strong><em>oerum,</em></strong></span> <span class='ocrx_word' id='word_1_285' title='bbox 574 2985 640 3050; x_wconf 88' lang='lat' dir='ltr'><strong><em>quid</em></strong></span> <span class='ocrx_word' id='word_1_286' title='bbox 649 2992 686 3036; x_wconf 88' lang='lat' dir='ltr'><strong><em>est</em></strong></span> <span class='ocrx_word' id='word_1_287' title='bbox 694 2985 773 3036; x_wconf 75' lang='lat' dir='ltr'><strong><em>aliied</em></strong></span> <span class='ocrx_word' id='word_1_288' title='bbox 783 2986 839 3036; x_wconf 91' lang='lat' dir='ltr'><strong><em>nisi</em></strong></span> <span class='ocrx_word' id='word_1_289' title='bbox 848 2986 960 3051; x_wconf 87' lang='lat' dir='ltr'><strong><em>quidam</em></strong></span> <span class='ocrx_word' id='word_1_290' title='bbox 969 2985 1168 3038; x_wconf 87' lang='lat' dir='ltr'><strong><em>insensibilium</em></strong></span> <span class='ocrx_word' id='word_1_291' title='bbox 1178 3002 1262 3038; x_wconf 91' lang='lat' dir='ltr'><strong><em>sonus</em></strong></span> <span class='ocrx_word' id='word_1_292' title='bbox 1270 2988 1464 3040; x_wconf 76' lang='lat' dir='ltr'><strong><em>metallorum?</em></strong></span> 
     </span>
     <span class='ocr_line' id='line_1_28' title="bbox 233 3083 1462 3154; baseline 0.002 -18"><span class='ocrx_word' id='word_1_293' title='bbox 233 3085 366 3137; x_wconf 82' lang='lat' dir='ltr'><strong><em>Similiter</em></strong></span> <span class='ocrx_word' id='word_1_294' title='bbox 377 3085 515 3137; x_wconf 86' lang='lat' dir='ltr'><strong><em>sensualia</em></strong></span> <span class='ocrx_word' id='word_1_295' title='bbox 524 3090 611 3136; x_wconf 88' lang='lat' dir='ltr'><strong><em>cetera</em></strong></span> <span class='ocrx_word' id='word_1_296' title='bbox 622 3083 766 3151; x_wconf 77' lang='lat' dir='ltr'><strong><em>corporis*</em></strong></span> <span class='ocrx_word' id='word_1_297' title='bbox 777 3084 903 3149; x_wconf 89' lang='lat' dir='ltr'><strong><em>membro,</em></strong></span> <span class='ocrx_word' id='word_1_298' title='bbox 912 3086 938 3136; x_wconf 89' lang='lat' dir='ltr'><strong><em>si</em></strong></span> <span class='ocrx_word' id='word_1_299' title='bbox 946 3101 999 3136; x_wconf 93' lang='lat' dir='ltr'><strong><em>non</em></strong></span> <span class='ocrx_word' id='word_1_300' title='bbox 1007 3092 1091 3150; x_wconf 88' lang='lat' dir='ltr'><strong><em>aqunt</em></strong></span> <span class='ocrx_word' id='word_1_301' title='bbox 1102 3086 1139 3151; x_wconf 91' lang='lat' dir='ltr'><strong><em>id,</em></strong></span> <span class='ocrx_word' id='word_1_302' title='bbox 1151 3087 1188 3137; x_wconf 91' lang='lat' dir='ltr'><strong><em>ad</em></strong></span> <span class='ocrx_word' id='word_1_303' title='bbox 1199 3087 1270 3153; x_wconf 90' lang='lat' dir='ltr'><strong><em>quod</em></strong></span> <span class='ocrx_word' id='word_1_304' title='bbox 1281 3087 1462 3154; x_wconf 81' lang='lat' dir='ltr'><strong><em>exequendum</em></strong></span> 
     </span>
     <span class='ocr_line' id='line_1_29' title="bbox 232 3184 1463 3253; baseline 0.002 -17"><span class='ocrx_word' id='word_1_305' title='bbox 232 3185 399 3236; x_wconf 88' lang='lat' dir='ltr'><strong><em>naturaliter</em></strong></span> <span class='ocrx_word' id='word_1_306' title='bbox 417 3185 493 3249; x_wconf 71' lang='lat' dir='ltr'><strong><em>facta</em></strong></span> <span class='ocrx_word' id='word_1_307' title='bbox 511 3190 583 3247; x_wconf 89' lang='lat' dir='ltr'><strong><em>suut,</em></strong></span> <span class='ocrx_word' id='word_1_308' title='bbox 602 3184 671 3235; x_wconf 90' lang='lat' dir='ltr'><strong><em>iolcm</em></strong></span> <span class='ocrx_word' id='word_1_309' title='bbox 687 3184 713 3234; x_wconf 92' lang='lat' dir='ltr'><strong><em>si</em></strong></span> <span class='ocrx_word' id='word_1_310' title='bbox 728 3190 821 3235; x_wconf 88' lang='lat' dir='ltr'><strong><em>carent</em></strong></span> <span class='ocrx_word' id='word_1_311' title='bbox 832 3186 1001 3236; x_wconf 86' lang='lat' dir='ltr'><strong><em>veneratione</em></strong></span> <span class='ocrx_word' id='word_1_312' title='bbox 1012 3185 1064 3236; x_wconf 90' lang='lat' dir='ltr'><strong><em>Dei</em></strong></span> <span class='ocrx_word' id='word_1_313' title='bbox 1075 3191 1099 3237; x_wconf 85' lang='lat' dir='ltr'><strong><em>et</em></strong></span> <span class='ocrx_word' id='word_1_314' title='bbox 1116 3185 1232 3237; x_wconf 87' lang='lat' dir='ltr'><strong><em>utilitate</em></strong></span> <span class='ocrx_word' id='word_1_315' title='bbox 1247 3187 1378 3251; x_wconf 79' lang='lat' dir='ltr'><strong><em>proximi,</em></strong></span> <span class='ocrx_word' id='word_1_316' title='bbox 1395 3188 1463 3253; x_wconf 90' lang='lat' dir='ltr'><strong><em>quid</em></strong></span> 
     </span>
     <span class='ocr_line' id='line_1_30' title="bbox 232 3283 1626 3354; baseline 0.001 -19"><span class='ocrx_word' id='word_1_317' title='bbox 232 3283 313 3336; x_wconf 90' lang='lat' dir='ltr'><strong><em>aliud</em></strong></span> <span class='ocrx_word' id='word_1_318' title='bbox 321 3283 475 3354; x_wconf 86' lang='lat' dir='ltr'><strong><em>prqbantur</em></strong></span> <span class='ocrx_word' id='word_1_319' title='bbox 486 3283 543 3334; x_wconf 90' lang='lat' dir='ltr'><strong><em>nisi</em></strong></span> <span class='ocrx_word' id='word_1_320' title='bbox 555 3299 626 3334; x_wconf 89' lang='lat' dir='ltr'><strong><em>vano</em></strong></span> <span class='ocrx_word' id='word_1_321' title='bbox 638 3289 792 3349; x_wconf 70' lang='lat' dir='ltr'><strong><em>amaraque</em></strong></span> <span class='ocrx_word' id='word_1_322' title='bbox 800 3284 921 3348; x_wconf 72' lang='lat' dir='ltr'><strong><em>propria</em></strong></span> <span class='ocrx_word' id='word_1_323' title='bbox 932 3285 1055 3349; x_wconf 71' lang='lat' dir='ltr'><strong><em>refuqa?</em></strong></span> <span class='ocrx_word' id='word_1_324' title='bbox 1068 3284 1128 3335; x_wconf 90' lang='lat' dir='ltr'><strong><em>Non</em></strong></span> <span class='ocrx_word' id='word_1_325' title='bbox 1140 3283 1153 3312; x_wconf 76' lang='lat'>⁸</span> <span class='ocrx_word' id='word_1_326' title='bbox 1165 3285 1235 3336; x_wconf 88' lang='lat' dir='ltr'><strong><em>enim</em></strong></span> <span class='ocrx_word' id='word_1_327' title='bbox 1248 3285 1463 3338; x_wconf 89' lang='lat' dir='ltr'><strong><em>substantialiter</em></strong></span> <span class='ocrx_word' id='word_1_328' title='bbox 1552 3285 1557 3297; x_wconf 91' lang='lat'>&#39;</span> <span class='ocrx_word' id='word_1_329' title='bbox 1605 3307 1626 3330; x_wconf 68' lang='lat' dir='ltr'><strong><em>a</em></strong></span> 
     </span>
     <span class='ocr_line' id='line_1_31' title="bbox 183 3377 1463 3449; baseline 0.004 -19"><span class='ocrx_word' id='word_1_330' title='bbox 183 3377 214 3430; x_wconf 73' lang='lat'><strong><em>³0</em></strong></span> <span class='ocrx_word' id='word_1_331' title='bbox 231 3383 346 3448; x_wconf 77' lang='lat' dir='ltr'><strong><em>fithomv</em></strong></span> <span class='ocrx_word' id='word_1_332' title='bbox 362 3382 434 3447; x_wconf 88' lang='lat' dir='ltr'><strong><em>lapis</em></strong></span> <span class='ocrx_word' id='word_1_333' title='bbox 446 3388 470 3433; x_wconf 88' lang='lat' dir='ltr'><strong><em>et</em></strong></span> <span class='ocrx_word' id='word_1_334' title='bbox 481 3397 494 3433; x_wconf 88' lang='lat' dir='ltr'><strong><em>e</em></strong></span> <span class='ocrx_word' id='word_1_335' title='bbox 505 3396 629 3433; x_wconf 89' lang='lat' dir='ltr'><strong><em>converso</em></strong></span> <span class='ocrx_word' id='word_1_336' title='bbox 638 3382 710 3446; x_wconf 87' lang='lat' dir='ltr'><strong><em>lapis</em></strong></span> <span class='ocrx_word' id='word_1_337' title='bbox 721 3381 806 3434; x_wconf 82' lang='lat' dir='ltr'><strong><em>bomo.</em></strong></span> <span class='ocrx_word' id='word_1_338' title='bbox 818 3381 863 3433; x_wconf 87' lang='lat' dir='ltr'><strong><em>Sic</em></strong></span> <span class='ocrx_word' id='word_1_339' title='bbox 875 3398 922 3434; x_wconf 87' lang='lat' dir='ltr'><strong><em>nec</em></strong></span> <span class='ocrx_word' id='word_1_340' title='bbox 933 3382 1051 3434; x_wconf 81' lang='lat' dir='ltr'><strong><em>bominis</em></strong></span> <span class='ocrx_word' id='word_1_341' title='bbox 1065 3398 1133 3448; x_wconf 88' lang='lat' dir='ltr'><strong><em>opus</em></strong></span> <span class='ocrx_word' id='word_1_342' title='bbox 1144 3390 1181 3435; x_wconf 89' lang='lat' dir='ltr'><strong><em>est</em></strong></span> <span class='ocrx_word' id='word_1_343' title='bbox 1193 3383 1275 3434; x_wconf 90' lang='lat' dir='ltr'><strong><em>Deus.</em></strong></span> <span class='ocrx_word' id='word_1_344' title='bbox 1287 3383 1366 3435; x_wconf 81' lang='lat' dir='ltr'><strong><em>Nttn</em></strong></span> <span class='ocrx_word' id='word_1_345' title='bbox 1377 3385 1463 3449; x_wconf 89' lang='lat' dir='ltr'><strong><em>iqitur</em></strong></span> 
     </span>
     <span class='ocr_line' id='line_1_32' title="bbox 232 3480 1463 3547; baseline 0.001 -13"><span class='ocrx_word' id='word_1_346' title='bbox 232 3497 288 3534; x_wconf 87' lang='lat' dir='ltr'><strong><em>esse</em></strong></span> <span class='ocrx_word' id='word_1_347' title='bbox 296 3486 406 3544; x_wconf 91' lang='lat' dir='ltr'><strong><em>constat,</em></strong></span> <span class='ocrx_word' id='word_1_348' title='bbox 419 3481 548 3546; x_wconf 85' lang='lat' dir='ltr'><strong><em>quicquid</em></strong></span> <span class='ocrx_word' id='word_1_349' title='bbox 556 3480 589 3531; x_wconf 93' lang='lat' dir='ltr'><strong><em>ab</em></strong></span> <span class='ocrx_word' id='word_1_350' title='bbox 600 3487 708 3533; x_wconf 90' lang='lat' dir='ltr'><strong><em>auctore</em></strong></span> <span class='ocrx_word' id='word_1_351' title='bbox 719 3481 776 3533; x_wconf 86' lang='lat' dir='ltr'><strong><em>Deo</em></strong></span> <span class='ocrx_word' id='word_1_352' title='bbox 785 3498 839 3533; x_wconf 87' lang='lat' dir='ltr'><strong><em>uon</em></strong></span> <span class='ocrx_word' id='word_1_353' title='bbox 850 3487 944 3533; x_wconf 86' lang='lat' dir='ltr'><strong><em>exstat.</em></strong></span> <span class='ocrx_word' id='word_1_354' title='bbox 954 3481 1012 3544; x_wconf 88' lang='lat' dir='ltr'><strong><em>Sed,</em></strong></span> <span class='ocrx_word' id='word_1_355' title='bbox 1022 3487 1052 3533; x_wconf 89' lang='lat' dir='ltr'><strong><em>ut</em></strong></span> <span class='ocrx_word' id='word_1_356' title='bbox 1059 3481 1269 3547; x_wconf 77' lang='lat' dir='ltr'><strong><em>prelibavimus,</em></strong></span> <span class='ocrx_word' id='word_1_357' title='bbox 1276 3483 1326 3534; x_wconf 85' lang='lat' dir='ltr'><strong><em>lux</em></strong></span> <span class='ocrx_word' id='word_1_358' title='bbox 1336 3481 1463 3535; x_wconf 87' lang='lat' dir='ltr'><strong><em>bonitatis</em></strong></span> 
     </span>
     <span class='ocr_line' id='line_1_33' title="bbox 232 3579 1463 3646; baseline 0 -13"><span class='ocrx_word' id='word_1_359' title='bbox 232 3581 336 3643; x_wconf 74' lang='lat' dir='ltr'><strong><em>divina,</em></strong></span> <span class='ocrx_word' id='word_1_360' title='bbox 348 3595 431 3646; x_wconf 89' lang='lat' dir='ltr'><strong><em>quom</em></strong></span> <span class='ocrx_word' id='word_1_361' title='bbox 442 3581 524 3631; x_wconf 90' lang='lat' dir='ltr'><strong><em>totius</em></strong></span> <span class='ocrx_word' id='word_1_362' title='bbox 535 3580 632 3631; x_wconf 87' lang='lat' dir='ltr'><strong><em>mnudi</em></strong></span> <span class='ocrx_word' id='word_1_363' title='bbox 642 3579 795 3632; x_wconf 88' lang='lat' dir='ltr'><strong><em>tenebrosus</em></strong></span> <span class='ocrx_word' id='word_1_364' title='bbox 808 3596 888 3632; x_wconf 88' lang='lat' dir='ltr'><strong><em>error</em></strong></span> <span class='ocrx_word' id='word_1_365' title='bbox 896 3596 949 3632; x_wconf 90' lang='lat' dir='ltr'><strong><em>non</em></strong></span> <span class='ocrx_word' id='word_1_366' title='bbox 960 3580 1094 3643; x_wconf 88' lang='lat' dir='ltr'><strong><em>obscuret,</em></strong></span> <span class='ocrx_word' id='word_1_367' title='bbox 1105 3596 1191 3631; x_wconf 87' lang='lat' dir='ltr'><strong><em>uuum</em></strong></span> <span class='ocrx_word' id='word_1_368' title='bbox 1201 3581 1318 3632; x_wconf 78' lang='lat' dir='ltr'><strong><em>retraxit</em></strong></span> <span class='ocrx_word' id='word_1_369' title='bbox 1329 3582 1418 3632; x_wconf 87' lang='lat' dir='ltr'><strong><em>virum</em></strong></span> <span class='ocrx_word' id='word_1_370' title='bbox 1429 3582 1463 3633; x_wconf 92' lang='lat' dir='ltr'><strong><em>ab</em></strong></span> 
     </span>
     <span class='ocr_line' id='line_1_34' title="bbox 231 3678 1463 3745; baseline 0 -15"><span class='ocrx_word' id='word_1_371' title='bbox 231 3679 353 3731; x_wconf 82' lang='lat' dir='ltr'><strong><em>bumana</em></strong></span> <span class='ocrx_word' id='word_1_372' title='bbox 365 3694 457 3730; x_wconf 89' lang='lat' dir='ltr'><strong><em>masso</em></strong></span> <span class='ocrx_word' id='word_1_373' title='bbox 474 3679 648 3745; x_wconf 88' lang='lat' dir='ltr'><strong><em>perditionis,</em></strong></span> <span class='ocrx_word' id='word_1_374' title='bbox 660 3681 706 3730; x_wconf 89' lang='lat' dir='ltr'><strong><em>cui</em></strong></span> <span class='ocrx_word' id='word_1_375' title='bbox 717 3680 797 3732; x_wconf 88' lang='lat' dir='ltr'><strong><em>etiam</em></strong></span> <span class='ocrx_word' id='word_1_376' title='bbox 813 3695 907 3731; x_wconf 88' lang='lat' dir='ltr'><strong><em>nomen</em></strong></span> <span class='ocrx_word' id='word_1_377' title='bbox 927 3678 1068 3730; x_wconf 79' lang='lat' dir='ltr'><strong><em>Abrabam</em></strong></span> <span class='ocrx_word' id='word_1_378' title='bbox 1079 3679 1159 3741; x_wconf 87' lang='lat' dir='ltr'><strong><em>dedit,</em></strong></span> <span class='ocrx_word' id='word_1_379' title='bbox 1170 3680 1361 3745; x_wconf 79' lang='lat' dir='ltr'><strong><em>scientiamque</em></strong></span> <span class='ocrx_word' id='word_1_380' title='bbox 1377 3680 1463 3745; x_wconf 86' lang='lat' dir='ltr'><strong><em>inspi-</em></strong></span> 
     </span>
     <span class='ocr_line' id='line_1_35' title="bbox 232 3772 1463 3846; baseline 0.001 -16"><span class='ocrx_word' id='word_1_381' title='bbox 232 3780 305 3830; x_wconf 89' lang='lat' dir='ltr'><strong><em>ravit</em></strong></span> <span class='ocrx_word' id='word_1_382' title='bbox 325 3779 357 3843; x_wconf 90' lang='lat' dir='ltr'><strong><em>ei,</em></strong></span> <span class='ocrx_word' id='word_1_383' title='bbox 372 3793 423 3843; x_wconf 89' lang='lat' dir='ltr'><strong><em>per</em></strong></span> <span class='ocrx_word' id='word_1_384' title='bbox 450 3779 635 3830; x_wconf 83' lang='lat' dir='ltr'><strong><em>elenuntorum</em></strong></span> <span class='ocrx_word' id='word_1_385' title='bbox 654 3779 798 3845; x_wconf 88' lang='lat' dir='ltr'><strong><em>qualitates</em></strong></span> <span class='ocrx_word' id='word_1_386' title='bbox 823 3795 977 3846; x_wconf 85' lang='lat' dir='ltr'><strong><em>coqnvscerc</em></strong></span> <span class='ocrx_word' id='word_1_387' title='bbox 990 3772 1155 3831; x_wconf 85' lang='lat' dir='ltr'><strong><em>conditorem</em></strong></span> <span class='ocrx_word' id='word_1_388' title='bbox 1174 3778 1304 3844; x_wconf 76' lang='lat' dir='ltr'><strong><em>ipsorum.</em></strong></span> <span class='ocrx_word' id='word_1_389' title='bbox 1323 3779 1407 3843; x_wconf 81' lang='lat' dir='ltr'><strong><em>Quem</em></strong></span> <span class='ocrx_word' id='word_1_390' title='bbox 1424 3780 1463 3831; x_wconf 91' lang='lat' dir='ltr'><strong><em>ita</em></strong></span> 
     </span>
     <span class='ocr_line' id='line_1_36' title="bbox 182 3870 1464 3944; baseline 0.001 -15"><span class='ocrx_word' id='word_1_391' title='bbox 182 3870 216 3922; x_wconf 70' lang='lat'><strong><em>35</em></strong></span> <span class='ocrx_word' id='word_1_392' title='bbox 232 3878 386 3930; x_wconf 87' lang='lat' dir='ltr'><strong><em>divinitatis</em></strong></span> <span class='ocrx_word' id='word_1_393' title='bbox 397 3892 452 3929; x_wconf 77' lang='lat' dir='ltr'><strong><em>sus</em></strong></span> <span class='ocrx_word' id='word_1_394' title='bbox 468 3877 644 3943; x_wconf 88' lang='lat' dir='ltr'><strong><em>intelliqentia</em></strong></span> <span class='ocrx_word' id='word_1_395' title='bbox 657 3878 820 3943; x_wconf 85' lang='lat' dir='ltr'><strong><em>sublimavit,</em></strong></span> <span class='ocrx_word' id='word_1_396' title='bbox 838 3885 867 3930; x_wconf 90' lang='lat' dir='ltr'><strong><em>ut</em></strong></span> <span class='ocrx_word' id='word_1_397' title='bbox 878 3894 958 3931; x_wconf 87' lang='lat' dir='ltr'><strong><em>suum</em></strong></span> <span class='ocrx_word' id='word_1_398' title='bbox 978 3879 1072 3942; x_wconf 90' lang='lat' dir='ltr'><strong><em>vivere,</em></strong></span> <span class='ocrx_word' id='word_1_399' title='bbox 1084 3893 1179 3943; x_wconf 87' lang='lat' dir='ltr'><strong><em>sapere</em></strong></span> <span class='ocrx_word' id='word_1_400' title='bbox 1196 3877 1399 3944; x_wconf 88' lang='lat' dir='ltr'><strong><em>discernereque</em></strong></span> <span class='ocrx_word' id='word_1_401' title='bbox 1409 3893 1464 3930; x_wconf 93' lang='lat' dir='ltr'><strong><em>non</em></strong></span> 
     </span>
     <span class='ocr_line' id='line_1_37' title="bbox 233 3975 1464 4045; baseline 0.001 -16"><span class='ocrx_word' id='word_1_402' title='bbox 233 3975 295 4040; x_wconf 85' lang='lat' dir='ltr'><strong><em>sibi,</em></strong></span> <span class='ocrx_word' id='word_1_403' title='bbox 306 3976 353 4028; x_wconf 87' lang='lat' dir='ltr'><strong><em>sed</em></strong></span> <span class='ocrx_word' id='word_1_404' title='bbox 362 3976 417 4028; x_wconf 86' lang='lat' dir='ltr'><strong><em>Deo</em></strong></span> <span class='ocrx_word' id='word_1_405' title='bbox 435 3983 523 4028; x_wconf 84' lang='lat' dir='ltr'><strong><em>nosset</em></strong></span> <span class='ocrx_word' id='word_1_406' title='bbox 531 3979 692 4042; x_wconf 82' lang='lat' dir='ltr'><strong><em>assiquare:</em></strong></span> <span class='ocrx_word' id='word_1_407' title='bbox 704 3978 770 4044; x_wconf 88' lang='lat' dir='ltr'><strong><em>quia</em></strong></span> <span class='ocrx_word' id='word_1_408' title='bbox 782 3979 966 4045; x_wconf 82' lang='lat' dir='ltr'><strong><em>sesuoprivat</em></strong></span> <span class='ocrx_word' id='word_1_409' title='bbox 981 3983 1094 4044; x_wconf 75' lang='lat' dir='ltr'><strong><em>mcepto,</em></strong></span> <span class='ocrx_word' id='word_1_410' title='bbox 1106 3977 1155 4043; x_wconf 89' lang='lat' dir='ltr'><strong><em>qui</em></strong></span> <span class='ocrx_word' id='word_1_411' title='bbox 1166 3977 1272 4028; x_wconf 90' lang='lat' dir='ltr'><strong><em>datoris</em></strong></span> <span class='ocrx_word' id='word_1_412' title='bbox 1283 3983 1321 4028; x_wconf 89' lang='lat' dir='ltr'><strong><em>est</em></strong></span> <span class='ocrx_word' id='word_1_413' title='bbox 1338 3978 1464 4043; x_wconf 81' lang='lat' dir='ltr'><strong><em>iuqratua</em></strong></span> 
     </span>
     <span class='ocr_line' id='line_1_38' title="bbox 233 4074 1462 4142; baseline 0.002 -16"><span class='ocrx_word' id='word_1_414' title='bbox 233 4074 364 4139; x_wconf 79' lang='lat' dir='ltr'><strong><em>beneficio.</em></strong></span> <span class='ocrx_word' id='word_1_415' title='bbox 376 4074 450 4126; x_wconf 86' lang='lat' dir='ltr'><strong><em>Huic</em></strong></span> <span class='ocrx_word' id='word_1_416' title='bbox 462 4075 539 4127; x_wconf 89' lang='lat' dir='ltr'><strong><em>electo</em></strong></span> <span class='ocrx_word' id='word_1_417' title='bbox 548 4076 658 4142; x_wconf 87' lang='lat' dir='ltr'><strong><em>ejusque</em></strong></span> <span class='ocrx_word' id='word_1_418' title='bbox 666 4077 828 4129; x_wconf 88' lang='lat' dir='ltr'><strong><em>successioni</em></strong></span> <span class='ocrx_word' id='word_1_419' title='bbox 837 4078 943 4142; x_wconf 80' lang='lat' dir='ltr'><strong><em>pencris</em></strong></span> <span class='ocrx_word' id='word_1_420' title='bbox 952 4077 1077 4130; x_wconf 88' lang='lat' dir='ltr'><strong><em>notitiam</em></strong></span> <span class='ocrx_word' id='word_1_421' title='bbox 1084 4076 1117 4128; x_wconf 89' lang='lat' dir='ltr'><strong><em>de</em></strong></span> <span class='ocrx_word' id='word_1_422' title='bbox 1126 4076 1222 4127; x_wconf 88' lang='lat' dir='ltr'><strong><em>mundi</em></strong></span> <span class='ocrx_word' id='word_1_423' title='bbox 1232 4077 1365 4128; x_wconf 88' lang='lat' dir='ltr'><strong><em>creatione</em></strong></span> <span class='ocrx_word' id='word_1_424' title='bbox 1373 4092 1462 4128; x_wconf 84' lang='lat' dir='ltr'><strong><em>veram</em></strong></span> 
     </span>
     <span class='ocr_line' id='line_1_39' title="bbox 232 4173 1464 4241; baseline 0.002 -17"><span class='ocrx_word' id='word_1_425' title='bbox 232 4174 368 4237; x_wconf 89' lang='lat' dir='ltr'><strong><em>revelavit,</em></strong></span> <span class='ocrx_word' id='word_1_426' title='bbox 380 4173 463 4238; x_wconf 86' lang='lat' dir='ltr'><strong><em>leqem</em></strong></span> <span class='ocrx_word' id='word_1_427' title='bbox 483 4190 538 4240; x_wconf 90' lang='lat' dir='ltr'><strong><em>qua</em></strong></span> <span class='ocrx_word' id='word_1_428' title='bbox 559 4175 634 4227; x_wconf 87' lang='lat' dir='ltr'><strong><em>Deus</em></strong></span> <span class='ocrx_word' id='word_1_429' title='bbox 651 4181 824 4227; x_wconf 82' lang='lat' dir='ltr'><strong><em>veneraretur</em></strong></span> <span class='ocrx_word' id='word_1_430' title='bbox 841 4182 865 4227; x_wconf 89' lang='lat' dir='ltr'><strong><em>et</em></strong></span> <span class='ocrx_word' id='word_1_431' title='bbox 883 4176 960 4227; x_wconf 89' lang='lat' dir='ltr'><strong><em>salus</em></strong></span> <span class='ocrx_word' id='word_1_432' title='bbox 979 4175 1038 4241; x_wconf 86' lang='lat' dir='ltr'><strong><em>ejus</em></strong></span> <span class='ocrx_word' id='word_1_433' title='bbox 1058 4181 1244 4240; x_wconf 86' lang='lat' dir='ltr'><strong><em>expectaretur</em></strong></span> <span class='ocrx_word' id='word_1_434' title='bbox 1259 4174 1339 4226; x_wconf 67' lang='lat' dir='ltr'><strong><em>dedu.</em></strong></span> <span class='ocrx_word' id='word_1_435' title='bbox 1363 4175 1464 4227; x_wconf 82' lang='lat' dir='ltr'><strong><em>Verum</em></strong></span> 
     </span>
     <span class='ocr_line' id='line_1_40' title="bbox 233 4270 1635 4338; baseline 0.001 -18"><span class='ocrx_word' id='word_1_436' title='bbox 233 4270 324 4335; x_wconf 89' lang='lat' dir='ltr'><strong><em>ipsius</em></strong></span> <span class='ocrx_word' id='word_1_437' title='bbox 339 4271 459 4336; x_wconf 86' lang='lat' dir='ltr'><strong><em>posteris</em></strong></span> <span class='ocrx_word' id='word_1_438' title='bbox 479 4286 538 4322; x_wconf 88' lang='lat' dir='ltr'><strong><em>eam</em></strong></span> <span class='ocrx_word' id='word_1_439' title='bbox 561 4271 822 4336; x_wconf 85' lang='lat' dir='ltr'><strong><em>transqredientibus</em></strong></span> <span class='ocrx_word' id='word_1_440' title='bbox 833 4287 892 4322; x_wconf 89' lang='lat' dir='ltr'><strong><em>cum</em></strong></span> <span class='ocrx_word' id='word_1_441' title='bbox 908 4287 1027 4338; x_wconf 76' lang='lat' dir='ltr'><strong><em>persepe</em></strong></span> <span class='ocrx_word' id='word_1_442' title='bbox 1044 4272 1168 4336; x_wconf 80' lang='lat' dir='ltr'><strong><em>ltaqellis,</em></strong></span> <span class='ocrx_word' id='word_1_443' title='bbox 1185 4271 1267 4336; x_wconf 88' lang='lat' dir='ltr'><strong><em>quasi</em></strong></span> <span class='ocrx_word' id='word_1_444' title='bbox 1278 4270 1291 4300; x_wconf 82' lang='grc'><em>*</em></span> <span class='ocrx_word' id='word_1_445' title='bbox 1303 4271 1463 4338; x_wconf 85' lang='lat' dir='ltr'><strong><em>quibusdem</em></strong></span> <span class='ocrx_word' id='word_1_446' title='bbox 1554 4271 1561 4285; x_wconf 78' lang='lat'><em>⁰</em></span> <span class='ocrx_word' id='word_1_447' title='bbox 1634 4292 1635 4314; x_wconf 55' lang='grc' dir='ltr'><strong>ι</strong></span> 
     </span>
     <span class='ocr_line' id='line_1_41' title="bbox 183 4365 1464 4438; baseline 0.002 -19"><span class='ocrx_word' id='word_1_448' title='bbox 183 4365 217 4418; x_wconf 76' lang='lat' dir='ltr'><strong><em>bb</em></strong></span> <span class='ocrx_word' id='word_1_449' title='bbox 234 4369 467 4434; x_wconf 88' lang='lat' dir='ltr'><strong><em>medicaminibus,</em></strong></span> <span class='ocrx_word' id='word_1_450' title='bbox 479 4385 522 4422; x_wconf 83' lang='lat' dir='ltr'><strong><em>cos</em></strong></span> <span class='ocrx_word' id='word_1_451' title='bbox 534 4371 688 4435; x_wconf 83' lang='lat' dir='ltr'><strong><em>corriperet,</em></strong></span> <span class='ocrx_word' id='word_1_452' title='bbox 699 4371 843 4435; x_wconf 83' lang='lat' dir='ltr'><strong><em>judicibus</em></strong></span> <span class='ocrx_word' id='word_1_453' title='bbox 861 4377 884 4422; x_wconf 91' lang='lat' dir='ltr'><strong><em>ct</em></strong></span> <span class='ocrx_word' id='word_1_454' title='bbox 892 4371 1032 4437; x_wconf 83' lang='lat' dir='ltr'><strong><em>prophetis</em></strong></span> <span class='ocrx_word' id='word_1_455' title='bbox 1043 4377 1212 4432; x_wconf 88' lang='lat' dir='ltr'><strong><em>ammoneret,</em></strong></span> <span class='ocrx_word' id='word_1_456' title='bbox 1225 4369 1331 4436; x_wconf 88' lang='lat' dir='ltr'><strong><em>ipsique</em></strong></span> <span class='ocrx_word' id='word_1_457' title='bbox 1347 4371 1464 4438; x_wconf 89' lang='lat' dir='ltr'><strong><em>amplius</em></strong></span> 
     </span>
     <span class='ocr_line' id='line_1_42' title="bbox 236 4468 1465 4534; baseline 0 -14"><span class='ocrx_word' id='word_1_458' title='bbox 236 4484 255 4520; x_wconf 89' lang='lat' dir='ltr'><strong><em>a</em></strong></span> <span class='ocrx_word' id='word_1_459' title='bbox 266 4468 312 4520; x_wconf 89' lang='lat' dir='ltr'><strong><em>sui</em></strong></span> <span class='ocrx_word' id='word_1_460' title='bbox 322 4469 457 4534; x_wconf 80' lang='lat' dir='ltr'><strong><em>perminis</em></strong></span> <span class='ocrx_word' id='word_1_461' title='bbox 468 4471 580 4521; x_wconf 88' lang='lat' dir='ltr'><strong><em>veritate</em></strong></span> <span class='ocrx_word' id='word_1_462' title='bbox 600 4470 791 4534; x_wconf 80' lang='lat' dir='ltr'><strong><em>deqenevurent</em></strong></span> <span class='ocrx_word' id='word_1_463' title='bbox 803 4476 827 4522; x_wconf 89' lang='lat' dir='ltr'><strong><em>et</em></strong></span> <span class='ocrx_word' id='word_1_464' title='bbox 843 4470 876 4521; x_wconf 90' lang='lat' dir='ltr'><strong><em>ab</em></strong></span> <span class='ocrx_word' id='word_1_465' title='bbox 893 4486 984 4521; x_wconf 87' lang='lat' dir='ltr'><strong><em>amore</em></strong></span> <span class='ocrx_word' id='word_1_466' title='bbox 995 4468 1047 4520; x_wconf 89' lang='lat' dir='ltr'><strong><em>Dei</em></strong></span> <span class='ocrx_word' id='word_1_467' title='bbox 1056 4470 1263 4534; x_wconf 71' lang='lat' dir='ltr'><strong><em>refriqcrarent,</em></strong></span> <span class='ocrx_word' id='word_1_468' title='bbox 1275 4470 1357 4534; x_wconf 88' lang='lat' dir='ltr'><strong><em>quasi</em></strong></span> <span class='ocrx_word' id='word_1_469' title='bbox 1374 4470 1465 4521; x_wconf 87' lang='lat' dir='ltr'><strong><em>lilium</em></strong></span> 
     </span>
     <span class='ocr_line' id='line_1_43' title="bbox 234 4565 1464 4634; baseline 0.001 -16"><span class='ocrx_word' id='word_1_470' title='bbox 234 4565 267 4618; x_wconf 90' lang='lat' dir='ltr'><strong><em>de</em></strong></span> <span class='ocrx_word' id='word_1_471' title='bbox 288 4566 384 4632; x_wconf 85' lang='lat' dir='ltr'><strong><em>spinis,</em></strong></span> <span class='ocrx_word' id='word_1_472' title='bbox 397 4582 431 4618; x_wconf 89' lang='lat' dir='ltr'><strong><em>ex</em></strong></span> <span class='ocrx_word' id='word_1_473' title='bbox 446 4567 496 4618; x_wconf 84' lang='lat' dir='ltr'><strong><em>bac</em></strong></span> <span class='ocrx_word' id='word_1_474' title='bbox 509 4567 586 4634; x_wconf 88' lang='lat' dir='ltr'><strong><em>plebe</em></strong></span> <span class='ocrx_word' id='word_1_475' title='bbox 599 4567 736 4633; x_wconf 89' lang='lat' dir='ltr'><strong><em>quandam</em></strong></span> <span class='ocrx_word' id='word_1_476' title='bbox 755 4569 888 4634; x_wconf 86' lang='lat' dir='ltr'><strong><em>virqinem</em></strong></span> <span class='ocrx_word' id='word_1_477' title='bbox 905 4567 1026 4619; x_wconf 87' lang='lat' dir='ltr'><strong><em>Mariam</em></strong></span> <span class='ocrx_word' id='word_1_478' title='bbox 1037 4567 1091 4618; x_wconf 88' lang='lat' dir='ltr'><strong><em>sibi</em></strong></span> <span class='ocrx_word' id='word_1_479' title='bbox 1107 4568 1262 4634; x_wconf 85' lang='lat' dir='ltr'><strong><em>assumpsit.</em></strong></span> <span class='ocrx_word' id='word_1_480' title='bbox 1272 4566 1336 4619; x_wconf 76' lang='lat' dir='ltr'><strong><em>Huc</em></strong></span> <span class='ocrx_word' id='word_1_481' title='bbox 1351 4567 1382 4618; x_wconf 90' lang='lat' dir='ltr'><strong><em>de</em></strong></span> <span class='ocrx_word' id='word_1_482' title='bbox 1398 4582 1464 4619; x_wconf 89' lang='lat' dir='ltr'><strong><em>com·</em></strong></span> 
     </span>
     <span class='ocr_line' id='line_1_44' title="bbox 236 4663 1466 4731; baseline 0 -16"><span class='ocrx_word' id='word_1_483' title='bbox 236 4664 316 4715; x_wconf 91' lang='lat' dir='ltr'><strong><em>muni</em></strong></span> <span class='ocrx_word' id='word_1_484' title='bbox 337 4665 555 4731; x_wconf 87' lang='lat' dir='ltr'><strong><em>coucupiscentia</em></strong></span> <span class='ocrx_word' id='word_1_485' title='bbox 577 4665 671 4716; x_wconf 75' lang='lat' dir='ltr'><strong><em>caricis</em></strong></span> <span class='ocrx_word' id='word_1_486' title='bbox 689 4665 840 4731; x_wconf 86' lang='lat' dir='ltr'><strong><em>proqenita,</em></strong></span> <span class='ocrx_word' id='word_1_487' title='bbox 852 4664 910 4716; x_wconf 92' lang='lat' dir='ltr'><strong><em>sola</em></strong></span> <span class='ocrx_word' id='word_1_488' title='bbox 920 4663 976 4728; x_wconf 72' lang='lat' dir='ltr'><strong><em>tuit</em></strong></span> <span class='ocrx_word' id='word_1_489' title='bbox 993 4663 1026 4715; x_wconf 88' lang='lat' dir='ltr'><strong><em>ab</em></strong></span> <span class='ocrx_word' id='word_1_490' title='bbox 1042 4664 1117 4715; x_wconf 78' lang='lat' dir='ltr'><strong><em>muni</em></strong></span> <span class='ocrx_word' id='word_1_491' title='bbox 1126 4665 1339 4729; x_wconf 89' lang='lat' dir='ltr'><strong><em>concupiscentia</em></strong></span> <span class='ocrx_word' id='word_1_492' title='bbox 1358 4664 1466 4717; x_wconf 78' lang='lat' dir='ltr'><strong><em>caritati</em></strong></span> 
     </span>
    </p>
   </div>
   <div class='ocr_carea' id='block_1_4' title="bbox 0 0 1640 5400">
    <p class='ocr_par' dir='ltr' id='par_1_6' title="bbox 0 0 1640 5400">
     <span class='ocr_line' id='line_1_45' title="bbox 0 0 1640 5400; baseline 0 1"><span class='ocrx_word' id='word_1_493' title='bbox 0 0 1640 5400; x_wconf 95' lang='lat' dir='ltr'><strong><em> </em></strong></span> 
     </span>
    </p>
   </div>
  </div>
 </body>
</html>
