3270 5400
206 322 273 393 190
536 338 662 390 caran.
689 339 794 390 cono.
819 335 1098 387 sacrocaaemc.

905 452 910 495 Ι

202 537 287 586 sciens
304 541 328 584 te
340 539 510 599 accepturum
527 531 643 583 uictoria
657 531 803 595 ploriosom
816 546 950 582 coronam.
964 527 1094 581 Similiter
1112 532 1203 580 autem
1222 533 1250 580 et
1262 534 1352 581 mater
1369 530 1436 595 ejus,

203 632 276 685 velut
291 630 437 697 juvencula
454 646 487 682 ex
499 645 578 698 grege
590 627 697 697 mugitu
709 627 825 682 vitulum
839 627 981 696 requirens
993 632 1020 680 et
1032 643 1086 680 non
1100 625 1251 690 inveniens,
1263 627 1349 679 scissa
1362 633 1437 681 reste

202 729 359 782 diuellicans
377 727 465 780 crines
483 726 579 794 capitis
598 725 639 780 sui
658 730 685 779 et
702 725 839 779 mamillas
856 741 920 778 suas
939 724 1085 778 ostendens
1100 723 1193 792 judici,
1207 725 1357 793 respiciens
1373 742 1437 779 san-

201 833 276 881 ctum
286 831 442 895 martyrem,
452 826 535 879 dixit:
552 827 675 879 Vitorium
683 827 752 878 milii
760 827 792 878 de
806 843 886 891 prepe-
903 832 1021 893 raptum,
1035 842 1119 876 uisum
1131 832 1156 876 te
1167 826 1260 885 lenoni,
1272 833 1295 877 et
1308 827 1402 892 ipsum
1414 833 1438 878 te

202 930 291 980 andei.
312 929 379 992 Quis
396 944 468 978 num
480 943 566 978 orreum
582 932 683 978 atatem
693 927 761 989 fouet
779 926 793 954 *¹
815 927 853 978 oet
863 927 991 992 suscipiet
1008 927 1037 976 in
1049 927 1173 976 senecta?
1189 925 1300 977 Pluteos
1318 927 1468 979 ciuitatist

203 1029 313 1092 ospicio,
326 1033 349 1078 et
366 1043 419 1078 oron
432 1027 505 1077 tuideo
518 1025 632 1077 uitulum
644 1041 730 1076 mercen
742 1026 893 1077 uenientem.
911 1024 990 1076 Hora
1001 1025 1064 1088 jam
1079 1031 1154 1075 sextu
1170 1031 1271 1076 statuto
1288 1026 1398 1076 aduenit
1415 1032 1438 1075 et

204 1144 255 1178 iton
270 1133 391 1192 oppumt.
403 1124 518 1177 Senatus
534 1125 696 1175 hirmitiatus
712 1130 759 1188 est,
771 1124 863 1176 throni
870 1131 985 1190 propter
996 1139 1036 1174 me
1048 1124 1169 1175 eructanti
1180 1131 1253 1174 sum.
1265 1124 1361 1188 ereero
1379 1126 1438 1175 eoni-

203 1243 261 1276 mnn
273 1228 367 1287 trierim,
377 1231 400 1276 et
410 1240 462 1276 non
473 1225 586 1275 inuenio.
604 1222 654 1275 Ubi
665 1225 847 1275 concurram?
857 1222 903 1273 nbi
915 1223 1079 1288 inprcdiur?
1090 1221 1111 1274 0
1121 1225 1277 1288 imperator,
1290 1224 1358 1289 qnid
1367 1225 1436 1274 enim

205 1326 273 1376 ariole
283 1325 344 1388 feci,
357 1325 423 1390 puio
443 1324 554 1375 nitidum
566 1338 653 1374 meum
670 1322 792 1374 occidisti
799 1324 814 1373 ,⁹
833 1322 928 1386 Oroatis
945 1323 1019 1373 eelim
1035 1322 1091 1385 suit
1104 1322 1179 1387 npred
1189 1329 1215 1373 te
1226 1329 1340 1389 propter
1351 1329 1438 1386 ment

147 1492 151 1503 .
204 1425 337 1475 desertam
351 1440 390 1474 nie
401 1422 572 1487 suceres?Et
584 1439 662 1484 reterre,
674 1421 716 1486 fite·
728 1423 765 1471 mi
776 1421 954 1483 dilectissime,
966 1437 1025 1472 curn
1039 1422 1131 1472 letitia
1146 1427 1169 1471 et
1181 1421 1347 1474 eueiltotione
1358 1438 1439 1473 curre
1456 1423 1480 1472 ti

205 1524 300 1574 inierim
313 1537 425 1573 eternum
434 1528 518 1572 tutem.
531 1520 592 1572 Scio
601 1527 623 1571 et
635 1526 707 1572 certo
719 1536 777 1572 snm
791 1521 857 1586 quio
869 1520 976 1570 tradidi
985 1520 1073 1583 filium
1085 1535 1171 1572 merim
1184 1519 1300 1572 Christo.
1310 1521 1376 1572 Jnm
1386 1536 1438 1572 oron

205 1621 335 1672 tristobor
353 1637 435 1686 neque
453 1621 566 1686 iupenm,
584 1621 648 1685 quio
670 1620 785 1671 Domino
802 1618 913 1670 sobolem
931 1618 1021 1679 obtati,
1041 1618 1205 1682 sucrificium
1226 1620 1438 1670 innnoculutum.

206 1719 282 1771 Tunc
295 1717 469 1770 beatissimus
481 1721 584 1784 martyr
596 1716 714 1769 Marinus
732 1715 893 1768 deosculans
909 1720 935 1768 et
953 1715 1113 1782 amplexans
1132 1719 1247 1768 mairem
1265 1715 1439 1780 suam,lacri·

207 1823 297 1871 matus
307 1817 389 1870 etiam
403 1816 526 1870 discessit
538 1815 573 1868 ab
585 1833 625 1868 ea.
639 1816 711 1868 [tans
723 1814 805 1867 etiam
819 1814 947 1867 omnibus
959 1813 1089 1866 iratribus
1107 1819 1135 1867 et
1153 1815 1221 1882 patri
1240 1832 1346 1882 pacem.
1366 1815 1439 1868 iesti-

207 1917 283 1970 narit
294 1916 328 1968 ad
341 1915 616 1969 consummationem.
1457 1914 1480 1963 u

251 2014 307 2072 18.
332 2015 456 2080 Cumque
467 2012 635 2081 pervenisset
647 2012 681 2064 ad
693 2012 793 2068 locum.
806 2011 917 2065 flectens
928 2028 1024 2079 genua,
1037 2013 1075 2065 sic
1088 2013 1184 2071 orarit.
1197 2013 1291 2066 dicens
1305 2034 1311 2066 :
1326 2013 1443 2068 Grotius

207 2117 256 2167 tibi
270 2132 328 2180 opo,
339 2115 412 2166 Dens
424 2115 484 2165 coeii
494 2120 517 2164 et
526 2120 611 2176 terra,
621 2113 669 2178 qni
684 2112 774 2176 fecisti
785 2113 879 2163 celum
897 2118 921 2163 et
937 2118 1048 2175 terrum,
1062 2129 1136 2165 enare
1147 2119 1171 2164 et
1189 2114 1280 2164 enutrio
1295 2129 1353 2180 pne
1366 2115 1444 2165 ineis

208 2222 293 2273 sociat:
311 2216 359 2281 qni
378 2214 476 2265 creasti
495 2227 608 2263 vermem
631 2209 860 2268 indormitabilem
880 2217 903 2261 et
921 2212 1008 2275 ipnmt
1025 2212 1202 2263 decorantem.
1224 2211 1340 2264 Domine
1361 2212 1444 2275 Deus,

209 2315 310 2365 cenredi
322 2329 362 2364 irre
377 2314 407 2363 in
417 2312 504 2376 finem,
517 2318 540 2362 et
555 2310 641 2361 libera
654 2326 693 2360 nie
706 2310 738 2361 de
753 2326 836 2360 riionu
852 2310 1013 2375 nequissimi
1024 2310 1108 2374 liujus
1117 2316 1140 2361 et
1152 2310 1185 2361 nb
1197 2326 1291 2362 errore
1300 2311 1406 2363 diaboli
1421 2318 1444 2363 et

210 2414 242 2463 ab
255 2412 383 2464 scorrdulo
393 2427 468 2477 quem
481 2416 633 2461 statuerunt
645 2408 721 2472 milri,
733 2415 763 2459 nt
772 2408 938 2474 piorificetnr
950 2424 1045 2460 oronim
1055 2414 1133 2460 tunm
1151 2410 1180 2459 in
1195 2410 1286 2460 onmia
1299 2410 1399 2461 seculo.
1413 2408 1445 2461 ut
1458 2407 1480 2457 st

211 2512 269 2563 haec
279 2511 379 2569 dicens
389 2507 530 2575 consignat
539 2523 568 2560 se
584 2512 611 2560 et
623 2507 669 2560 dat
682 2523 778 2576 pacem
793 2507 921 2561 omnibus
933 2507 1062 2560 iratribus
1072 2526 1078 2560 :
1090 2507 1203 2560 flectens
1214 2522 1304 2575 genua
1315 2508 1442 2576 spiritum

211 2608 327 2661 Domino
346 2607 463 2660 tradidit
481 2607 579 2659 Scurra
592 2621 656 2659 vero
674 2607 785 2659 adstans
797 2606 931 2673 percussit
943 2622 1006 2660 eum
1023 2607 1078 2673 jam
1092 2610 1230 2660 mortuum
1251 2611 1279 2659 et
1290 2605 1442 2675 amputavit

213 2713 293 2775 caput
305 2707 372 2773 ejus.
773 2760 776 2765 .

255 2805 309 2863 19.
331 2804 408 2857 Tunc
427 2803 543 2857 ministri
557 2802 659 2856 diaboli
678 2802 805 2856 tollentes
818 2819 916 2870 corpus
928 2803 1015 2856 sancti
1033 2803 1169 2871 martyris,
1188 2803 1363 2870 projecerunt
1381 2820 1443 2858 euru

212 2905 238 2957 in
255 2901 403 2972 praecipitio
416 2901 463 2954 ubi
479 2917 594 2970 corpora
609 2902 746 2955 latronum
760 2901 980 2969 projiciebantur.
990 2900 1128 2954 Prnscivit
1140 2906 1233 2954 nutem
1246 2906 1359 2955 sanctus
1368 2901 1443 2955 Mari-
1458 2900 1480 2951 u

211 3019 262 3055 nus
281 3002 345 3069 quia
358 3017 418 3054 curn
433 3000 585 3054 latronibus
597 3016 696 3068 corpus
708 3001 767 3067 ejus
779 3000 874 3069 projici
891 3001 1020 3055 habebat.
1032 3000 1110 3054 'lunc
1128 2999 1277 3053 Martianus
1295 3002 1444 3069 imperator

212 3100 338 3170 praecepit
346 3099 477 3153 ministris
485 3098 587 3152 diaboli
596 3099 830 3153 custodirelocum
841 3100 1028 3169 quoadusque,
1038 3115 1151 3168 corpore
1163 3100 1223 3166 ejus
1236 3099 1380 3165 dissoluto,
1389 3116 1442 3154 non

212 3204 404 3268 agnosceretur
416 3199 520 3266 species
532 3199 598 3266 ejus,
616 3199 709 3251 dicens
727 3218 733 3251 ι
752 3200 792 3252 Ne
809 3201 916 3266 qnando
934 3202 1064 3252 uenientes
1081 3201 1228 3253 christiani
1238 3202 1335 3253 tolient
1347 3217 1443 3268 corpus

94 3299 120 3350 '.
212 3303 271 3366 ejus
282 3308 306 3352 et
323 3301 466 3366 sepulture
477 3300 585 3351 trudent
603 3300 616 3328 *
633 3301 662 3350 in
683 3300 837 3351 nreenom'um
854 3300 943 3352 saneti
960 3300 1071 3352 colentes
1088 3316 1155 3353 euna.
1173 3299 1299 3367 Cumque
1316 3299 1443 3353 custodes

212 3399 361 3453 secundum
372 3401 535 3466 praeceptum
546 3396 903 3466 imperatorisobservarent
911 3398 946 3451 ad
955 3398 1055 3459 locum,
1063 3398 1155 3452 subito
1164 3399 1242 3452 lactu
1251 3404 1317 3453 sunt
1325 3400 1443 3453 tenebrae
1457 3393 1480 3445 Ι

214 3514 326 3567 magna,
340 3498 468 3556 tonitrua.
482 3496 588 3565 fulgora
605 3501 633 3550 et
649 3495 842 3550 inundationes
854 3513 988 3565 aquarum
1009 3497 1079 3552 sicut
1097 3498 1229 3551 diluvium
1242 3498 1348 3566 ingens,
1359 3500 1398 3552 ita
1414 3504 1443 3552 ut

213 3595 347 3665 perterriti
360 3594 476 3648 ministri
489 3595 592 3649 diaboli
610 3596 803 3664 effugarentur.
820 3594 936 3649 Sanctus
955 3611 1020 3649 vero
1037 3594 1208 3663 Theophilus
1223 3594 1370 3664 episcopus
1381 3612 1443 3649 curn

214 3697 343 3750 iratribus
356 3694 463 3761 collegit
477 3710 505 3746 se
522 3695 556 3747 ad
569 3695 669 3758 locum,
679 3699 706 3747 et
716 3695 880 3748 observabat
892 3711 947 3763 quo
959 3699 1052 3763 posset
1063 3710 1161 3763 corpus
1172 3693 1246 3748 beati
1258 3695 1388 3763 martyris
1396 3693 1443 3747 tol·

214 3796 269 3848 iere
280 3799 307 3846 et
318 3793 345 3846 in
355 3791 489 3846 memoria
501 3796 595 3845 sancta
604 3793 752 3846 recondere
765 3808 820 3846 uua
832 3809 895 3846 curn
910 3793 1016 3862 Apella,
1024 3793 1136 3856 iacebo,
1149 3792 1304 3861 Theagene,
1313 3791 1443 3854 Euthiuo,

214 3892 380 3954 Alexandro,
388 3891 620 3954 ltarcoAEuthico,
629 3891 724 3955 silero,
734 3891 816 3955 Ruso,
825 3891 1307 3960 Philippaetlexandro,Macedonio,
1317 3890 1445 3960 Obsippo‚
1460 3887 1480 3938 ³!

215 3991 355 4059 Eutherio,
373 3989 524 4059 Policarpo,
536 3989 641 4053 Pionio,
653 3989 788 4054 Stratone,
806 3989 924 4044 Aristide
936 3995 964 4043 et
975 3990 1087 4058 reliquis
1106 3989 1170 4044 riris
1183 3989 1383 4044 ecclesiasticis.
1395 3988 1446 4056 Qui

214 4090 411 4142 descendentes
423 4092 513 4152 noctu,
526 4087 647 4142 tulerunt
655 4087 784 4157 reliquias
793 4089 878 4142 sancti
889 4090 1016 4158 martyris
1026 4093 1053 4142 et
1065 4089 1228 4143 collocantes
1236 4094 1390 4157 posuerunt
1401 4105 1447 4143 eas

216 4190 243 4241 in
264 4189 368 4241 Locum
389 4187 533 4241 Ercelsum
555 4188 688 4242 Romanas
709 4188 836 4241 civitatis.
857 4188 917 4241 Hoc
937 4189 1072 4243 uocabulo
1094 4192 1266 4258 nuncupatur
1292 4189 1302 4213 ⁸
1323 4189 1447 4243 excelsus

215 4288 325 4350 locus,
346 4287 378 4339 Et
396 4286 488 4340 subito
507 4286 595 4339 iactus
607 4291 648 4340 est
666 4287 700 4339 de
718 4285 785 4340 coelo
803 4303 888 4340 sonus
905 4304 1021 4355 magnus
1039 4292 1103 4341 ante
1120 4287 1282 4356 martyrium
1295 4287 1447 4342 beatissimi

215 4384 319 4443 Marini.
331 4385 508 4438 ctdcscendit
517 4386 550 4439 de
559 4385 627 4439 coelo
637 4384 785 4439 multitudo
798 4386 957 4455 angelorum
971 4387 998 4440 in
1016 4386 1109 4455 figuris
1125 4385 1279 4449 hominurn,
1291 4391 1319 4439 st
1331 4386 1449 4441 sanctifi·
1464 4382 1480 4435 t

216 4488 345 4536 caverunt
358 4483 448 4536 locum
460 4483 541 4537 istum
555 4485 583 4538 in
596 4500 651 4552 quo
664 4484 794 4553 deposita
808 4484 918 4538 luerunt
931 4484 1051 4554 reliquia
1063 4485 1149 4538 sancti
1162 4484 1297 4553 martyris,
1311 4489 1339 4538 et
1352 4502 1448 4555 posue

216 4588 278 4634 runt
288 4582 427 4635 dactulurn
440 4584 475 4637 ad
486 4588 567 4653 caput
576 4584 635 4652 ejus
651 4589 678 4637 et
694 4583 796 4638 olivam
811 4585 844 4637 nd
859 4586 941 4654 pedes
954 4586 1013 4653 ejus
1026 4590 1052 4639 et
1068 4585 1149 4638 ritem
1164 4585 1199 4638 ad
1211 4584 1355 4639 dexteram
1370 4591 1399 4639 et
1415 4585 1448 4639 ad

215 4682 353 4734 sinistram
364 4682 430 4748 ejus.
