3270 5400
256 356 346 409 arna.
363 356 446 413 nna.
464 356 638 408 nauium.
657 377 704 386 -
722 354 873 407 arpenn.
892 355 938 406 un
956 354 1037 405 con.
1055 344 1095 404 ΝΟ
1112 350 1189 405 rest.
1271 333 1339 404 189
1421 431 1424 440 Ι

71 548 185 601 laetus
195 547 314 607 effectus,
323 548 405 615 jussit
416 546 557 601 theatrum
570 545 717 616 praeparari
729 550 757 598 et
770 544 866 598 adesse
879 560 973 597 seeum
989 558 1086 596 omnes
1102 543 1177 596 cives
1190 542 1340 603 Romanos,

65 642 156 697 sed
167 645 194 695 et
204 648 331 696 cantores
342 649 370 697 et
381 644 529 698 choraulas
541 651 569 699 et
579 645 736 704 luctatores,
755 649 782 696 et
795 643 896 696 circum
911 646 939 696 et
950 641 1079 695 universa
1097 638 1253 708 spectacula
1266 640 1340 691 rani·

64 740 170 794 tatis
184 739 226 808 agi
244 756 292 809 per
311 758 425 796 omnem
437 743 574 797 civitatem
595 743 771 797 inhonorem
790 741 899 810 Serapis
918 746 945 795 et
961 738 1081 807 Augusti
1096 755 1178 808 supra
1195 737 1339 806 pristinam

59 839 339 895 consuetudinem.
355 840 460 895 Omnes
477 843 628 910 jocundare
647 842 776 910 praecepit
795 847 822 894 et
840 847 965 894 cunctam
984 839 1107 892 laetitiam
1126 837 1257 891 exhibere
1275 853 1340 906 erga

10 950 21 995 t
56 938 238 993 culturam
247 939 372 1001 deorum,
384 946 497 1009 propter
508 941 644 995 Marinum
653 941 700 1010 qui
712 958 742 995 se
751 940 905 994 sacrificare
918 938 1066 1007 respondit.
1075 937 1161 991 iussit
1176 936 1258 990 etiam
1273 936 1340 990 deos

54 1036 213 1091 adorari
225 1043 253 1091 et
265 1037 403 1092 immolari
415 1039 510 1108 Serapi
520 1045 548 1094 et
562 1039 656 1092 Dianae
668 1044 695 1093 et
707 1039 788 1093 matri
799 1038 915 1091 deorum
928 1036 956 1089 in
969 1034 1113 1104 Capitolio.
1130 1034 1237 1088 Adferri
1256 1033 1339 1087 etiam

52 1135 223 1203 gladium
235 1142 263 1190 et
275 1153 375 1207 agnam
392 1138 494 1203 albam,
507 1145 537 1193 ut
549 1140 686 1209 acciperet
697 1144 724 1192 et
735 1138 893 1192 immolaret
911 1136 969 1190 diis.
988 1136 1105 1189 Sanctus
1115 1139 1208 1188 autem
1219 1134 1339 1187 Marinus

56 1235 252 1303 respiciens
262 1237 298 1290 ad
307 1237 512 1306 imperatorem,
523 1239 607 1293 dixit:
620 1240 651 1292 Si
660 1241 812 1306 precepisti
824 1255 865 1290 me
876 1238 1017 1289 immolare
1029 1237 1094 1300 dtis,
1104 1236 1211 1288 ostende
1220 1234 1290 1301 qui*
1303 1234 1340 1286 sit

52 1336 213 1397 primae
223 1337 343 1390 deerunt.
355 1337 504 1391 Martianus
514 1338 598 1392 dixit:
608 1340 662 1391 Per
670 1339 731 1391 deos
740 1354 830 1391 omnes
840 1337 929 1401 ntajor
938 1352 965 1388 es
974 1337 987 1365 *
997 1336 1075 1387 itotiie
1088 1352 1169 1402 puceu
1178 1335 1338 1401 capitulani,

10 1440 18 1481 t
55 1426 224 1487 Marinus
235 1433 304 1487 dixit
315 1454 322 1488 ι
335 1437 452 1503 Ipnoras
463 1439 512 1504 qui
523 1439 537 1467 *
548 1440 584 1489 sit
595 1439 684 1502 major
703 1438 776 1489 Deus
788 1438 833 1489 cui
850 1435 956 1487 debeam
968 1435 1131 1487 immolare?
1143 1433 1220 1485 Tune
1232 1431 1338 1485 Martia·

56 1541 164 1583 nus
172 1531 315 1601 imperator
324 1533 362 1586 aii
374 1553 381 1588 :
394 1535 425 1587 Si
435 1537 546 1602 planius
557 1553 575 1588 a
586 1552 627 1588 me
638 1537 767 1603 requiris,
779 1535 910 1599 rttajorem
922 1534 1021 1599 Serapi
1032 1539 1055 1584 et
1070 1532 1185 1584 Cronidi
1199 1548 1252 1584 non
1268 1533 1335 1583 inre·

59 1642 92 1676 η
100 1629 176 1681 ies.
190 1629 308 1685 Marinus
325 1632 746 1700 respoudit:Eccejttrejttraado
754 1635 852 1685 dixt‘sti
863 1634 972 1699 eoquod
984 1649 1037 1684 iton
1045 1633 1101 1683 siat
1113 1632 1229 1695 majores
1240 1630 1337 1682 horum

58 1724 223 1782 deorum.
235 1730 311 1784 Tunc
320 1730 470 1785 Martianus
482 1732 630 1800 imperator
643 1731 729 1785 dixit:
743 1732 873 1797 Sacrifica
885 1733 1015 1797 erpojam
1027 1747 1106 1782 statne.

153 1826 205 1885 10.
224 1828 403 1883 Beatissimae
420 1834 513 1883 autem
526 1829 646 1883 Marinus
657 1830 770 1893 flectens
787 1845 876 1897 genua
894 1846 910 1882 a
928 1829 1018 1897 prima
1034 1828 1169 1895 usquead
1188 1826 1339 1881 secundam

10 1917 36 1965 5
65 1916 204 1979 horam
213 1925 322 1979 invocat
331 1926 456 1980 omnium
466 1930 570 1994 patrem
582 1926 840 1994 DeumExsurgens
852 1925 887 1978 ab
900 1925 1033 1987 oratione,
1041 1924 1078 1978 ita
1088 1924 1134 1987 ait,
1147 1924 1255 1979 dicens:
1269 1927 1339 1978 Gra-

69 2018 220 2077 te‘astiii
230 2043 289 2092 apo,
299 2025 374 2078 Deus
381 2026 482 2090 pieriae,
491 2026 636 2093 quit'ecisti
644 2028 740 2079 coelum
751 2033 774 2078 et
789 2033 891 2079 terram
901 2032 1012 2091 propter
1024 2032 1099 2076 tuam
1110 2025 1206 2077 bartam
1218 2026 1340 2077 solimita-

72 2117 167 2169 tem
176 2124 305 2176 accadens
316 2130 340 2175 te
350 2123 446 2175 honum
455 2124 584 2188 artificem
594 2131 618 2175 et
626 2124 826 2176 misericordem
835 2130 859 2174 et
861 2124 977 2189 justum.
992 2122 1028 2174 Et
1040 2139 1112 2175 rrrtnc
1122 2124 1223 2175 exaudi
1233 2139 1339 2174 serrum

76 2214 194 2285 tuum,
204 2221 282 2287 Deus,
294 2229 318 2275 et
330 2223 401 2274 solae
411 2223 534 2274 stimtdos
545 2223 654 2287 diaboii,
666 2231 694 2275 ut
706 2231 753 2276 tna
764 2224 855 2288 pieria
871 2224 1059 2286 arastisestetur
1072 2225 1101 2274 ιἰι
1113 2223 1202 2274 secula
1220 2229 1244 2274 ct
1260 2221 1338 2286 aditi·

79 2322 283 2372 temarmurt
300 2320 481 2373 Hierusalem.
493 2320 689 2374 consummata
703 2327 794 2374 autern
809 2321 941 2379 oratione.
954 2320 992 2372 ita
1004 2320 1043 2372 ait
1057 2339 1063 2372 :
1081 2321 1176 2373 auant
1188 2337 1277 2373 amires
1289 2321 1338 2372 dii.

19 2398 60 2447 ω
85 2401 231 2485 Cumque
242 2418 300 2471 haee
309 2418 430 2482 dixisset,
442 2419 534 2482 tacuit,
543 2424 570 2473 et
582 2419 674 2473 statim
687 2424 801 2473 ruerunt
810 2419 917 2487 Serapis
930 2424 956 2472 et
967 2418 1098 2471 Cronides
1108 2423 1134 2471 et
1147 2434 1243 2471 omnes
1252 2417 1298 2481 dii,
1310 2423 1338 2470 et

87 2498 1337 2587 ra<tlisuntaeiutpuivis.iiidentesautemiraecomnespopulicivitatisRomamnenelama·

91 2610 332 2669 'enutrientes
344 2635 351 2669 r
362 2617 428 2669 Vere
436 2634 551 2683 mapnus
560 2627 597 2672 est
609 2620 683 2672 Deus
696 2621 917 2671 christianorum.
927 2616 1105 2670 Beatissimus
1116 2622 1207 2669 autern
1218 2615 1337 2671 Marinus

90 2694 353 2783 dixitimperatori:
363 2718 467 2782 Quibus
480 2734 520 2769 me
521 2719 602 2783 jubes
616 2719 775 2770 immolare?
784 2717 933 2770 Martianus
942 2715 1092 2784 imperator
1104 2715 1171 2769 dixit
1181 2735 1186 2769 :
1196 2717 1241 2768 Ea
1254 2718 1337 2769 mutto

91 2794 237 2867 devitato
246 2822 292 2867 tuo
309 2816 449 2867 eviscerati
459 2822 523 2868 suat
540 2817 582 2867 dii
598 2824 622 2868 et
638 2824 762 2869 ruerunt.
775 2816 889 2881 Stirpem
904 2831 963 2867 esra
976 2823 998 2866 et
1016 2816 1146 2868 adorabis
1157 2832 1207 2867 eos.
1220 2814 1335 2867 Sanctus

35 2878 73 2931 ω
94 2886 223 2965 uiltutus
234 2913 271 2967 ait
283 2932 290 2965 ι
301 2914 372 2967 June
382 2931 424 2966 me
435 2915 521 2979 lipari
535 2922 559 2967 et
571 2917 703 2968 custodiri
715 2916 729 2946 *
741 2918 769 2967 ia
783 2917 831 2968 isac
846 2917 900 2967 Ioco
913 2932 929 2966 ιι
943 2916 1154 2979 nummismais,
1169 2922 1197 2966 ut
1210 2921 1336 2967 araneottt

94 2986 156 3051 '²¹⁸⁰
169 3024 265 3076 metm,
283 3018 313 3064 tet
330 3013 439 3064 videant
456 3015 482 3065 si
498 3020 645 3079 resur-punt
661 3016 703 3066 (tii
713 3016 762 3066 toi.
780 3012 929 3066 Martianus
946 3017 1038 3065 autem
1052 3012 1191 3081 respondit
1203 3032 1209 3064 :
1222 3014 1335 3066 interim

97 3104 309 3179 *umpreapta
321 3117 347 3163 te
358 3111 535 3163 discederent
546 3112 595 3164 irae
605 3113 668 3175 loco,
683 3119 711 3163 ut
723 3129 800 3164 ιιιιιιιι
813 3114 919 3165 vestiens
930 3112 1022 3164 rideas
1033 3128 1076 3164 eos
1088 3119 1196 3165 stantes.
1209 3111 1335 3165 Beatissi-

98 3198 176 3255 ἨΠΒ
184 3204 296 3262 Marinus
305 3209 344 3262 ait
356 3228 363 3261 z
376 3210 436 3263 Scio
446 3218 470 3262 et
480 3218 637 3263 certassem
647 3213 718 3278 qaod
731 3213 828 3264 ›strattos
842 3212 941 3263 habeas
950 3219 1118 3278 preparatas
1133 3213 1254 3278 lapideos
1265 3215 1334 3276 deos,

97 3298 137 3341 ἀ
153 3312 223 3359 noma
233 3308 281 3360 iios
292 3310 422 3372 auferens
430 3310 558 3377 aiiospro
569 3312 637 3377 ipsis
648 3317 761 3363 statuas.
774 3309 875 3362 videns
887 3314 978 3362 autem
991 3308 1140 3377 imperator
1152 3325 1181 3362 se
1194 3309 1332 3363 derideri*

99 3396 120 3436 ‘¹
135 3408 226 3458 Saudo
237 3422 290 3459 mar
298 3411 365 3475 tyre.
377 3406 462 3460 iratus
474 3406 562 3470 vaide,
571 3407 609 3460 ait
621 3408 656 3460 ad
668 3424 747 3460 eum:
762 3410 813 3461 Per
825 3412 887 3461 (teos
903 3426 1000 3473 artinas,
1015 3417 1042 3460 at
1061 3411 1253 3476 »rapacissimam
1265 3411 1333 3462 araia

99 3487 131 3535 ‘e
144 3498 301 3569 disperdam.
313 3504 430 3559 Sanctus
442 3505 562 3559 Marinus
575 3507 713 3575 respondit
727 3526 732 3560 :
746 3510 965 3560 Irritaandr'ssime
981 3508 994 3537 *
1013 3515 1036 3560 st
1049 3510 1188 3574 insipiens,
1203 3526 1254 3574 par
1266 3526 1333 3575 quos

102 3582 271 3663 deortui-ans
281 3605 335 3658 irae
343 3606 412 3657 mitti
423 3607 599 3658 comminaris
607 3610 622 3658 ?
630 3608 686 3658 Aut
697 3609 807 3672 ipsiorua
819 3610 890 3674 picoti
901 3609 1033 3660 distructa
1044 3606 1058 3634 *
1070 3608 1106 3658 sit
1117 3614 1233 3672 potestas
1242 3610 1332 3673 patris

103 3686 155 3739 ‘ut'
164 3702 205 3763 qui
218 3703 318 3755 dieitur
334 3704 461 3768 Satattas,
473 3711 497 3758 et
509 3707 650 3757 orttrrestiii
661 3708 703 3758 tui
714 3707 751 3757 ad
769 3707 885 3757 teiirilam
904 3708 1006 3758 redacti
1018 3712 1081 3757 sttui
1092 3707 1211 3758 inuocato
1227 3708 1333 3758 norriiae

10 3846 13 3853 .
107 3776 171 3841 ⁰0⁰⁸
177 3802 221 3851 mei
226 3804 240 3853 Ρ
250 3803 287 3855 Et
296 3820 370 3856 nuria
378 3805 477 3871 quibus
486 3821 526 3856 me
528 3806 609 3870 jubes
620 3807 760 3857 inmantare
768 3810 782 3858 ?
790 3804 938 3857 Martianus
949 3810 1042 3857 autern
1056 3804 1212 3871 imperator.
1222 3810 1332 3872 opertus

10 3882 12 3901 '
107 3886 197 3946 mulia
205 3900 369 3966 confusione,
379 3900 463 3954 iratus
475 3903 661 3965 vehementer,
668 3904 749 3968 Jussit
758 3919 821 3955 eum
834 3902 970 3955 decoliari.

158 3986 206 4048 17.
223 3994 341 4051 Audiens
353 4013 418 4050 vero
431 3997 490 4050 haec
502 4002 613 4051 sanctus
630 3997 749 4051 Marinus·
768 4004 795 4050 et
807 3998 933 4051 exultans
946 3998 973 4051 in
987 3998 1114 4059 Domino,
1127 3999 1165 4050 ita
1182 4000 1222 4052 ait
1237 4018 1242 4053 :
1261 4001 1335 4065 Veni,

112 4070 292 4162 Pfflttalorin,
305 4104 330 4147 et
347 4096 437 4162 accim
453 4101 535 4161 caput
552 4097 634 4160 paeri
651 4097 700 4147 titi.
718 4096 785 4148 Eece
804 4098 875 4147 atrita
894 4112 1002 4147 crassum
1022 4099 1205 4147 consimimari
1218 4113 1271 4163 pro
1288 4105 1334 4150 tuo

115 4182 220 4258 ”Mna
232 4194 338 4247 Christo
349 4195 466 4245 donante
477 4199 501 4245 et
511 4193 659 4258 pieriosum
671 4193 759 4257 finem.
771 4193 808 4244 Et
822 4210 893 4245 tettae
909 4210 1013 4258 precor,
1025 4199 1115 4244 resecta
1132 4193 1221 4252 Pater,
1230 4196 1335 4260 srtseipe

117 4279 227 4341 α’ῑὴικιιιι
237 4293 360 4345 servitui
375 4292 505 4344 venientis
515 4292 553 4342 ad
570 4298 601 4342 te.
613 4289 690 4342 Tunc
703 4296 781 4358 pater
793 4291 880 4343 sancti
893 4291 1019 4357 martyris
1029 4290 1125 4343 ridens
1138 4305 1200 4342 eum
1219 4290 1281 4343 duci
1299 4292 1334 4344 ad

87 4350 275 4449 “Memorem
287 4385 368 4439 scidit
381 4384 544 4438 vestimenta
556 4400 607 4438 sua
624 4389 651 4438 et
667 4384 799 4454 imposuit
819 4384 936 4438 cinerem
953 4402 1036 4452 super
1048 4390 1129 4454 eaput
1145 4401 1234 4448 suum,
1252 4392 1279 4439 et
1296 4386 1334 4440 ita

122 4460 217 4535 ni‘biit
228 4486 321 4550 Qualis
331 4492 436 4538 senecta
449 4500 489 4537 me
501 4485 610 4545 interiit,
621 4486 658 4537 cel
670 4487 750 4552 potale
767 4487 946 4552 spectaculum
959 4487 1148 4537 eotrsa'tteruai?
1165 4487 1264 4538 ileliae
1276 4495 1335 4539 erat

55 4608 65 4651 '.
126 4567 246 4639 micam
254 4585 379 4638 haberem
392 4584 531 4635 rainerium
543 4584 618 4636 olicae
627 4599 695 4636 mete.
706 4584 757 4636 Sed
769 4587 831 4651 qais
840 4601 898 4635 eum
908 4585 1016 4648 cecidit,
1025 4591 1048 4636 et
1060 4585 1097 4635 asi
1106 4584 1221 4636 niitiiam
1235 4588 1335 4652 redepit

130 4670 244 4735 “tramis
258 4700 319 4737 meat
333 4684 483 4737 ianitorem?
496 4682 532 4735 Et
542 4699 622 4748 truste,
639 4683 689 4747 titt,
701 4699 759 4734 curu
772 4685 874 4748 gptttttlio
886 4698 967 4734 carre
979 4699 1088 4734 cursum
1101 4689 1177 4734 titum
1190 4685 1335 4750 celerrime,

1428 1231 1498 1284 *sic

1371 1330 1385 1360 ⁸
1394 1332 1434 1382 ita
1441 1346 1552 1399 separa-

1391 1398 1428 1449 ait
1439 1412 1531 1460 corr.,·

1415 1464 1501 1529 prius

1401 1528 1528 1595 majores.

1429 1594 1494 1647 *sic

1418 2904 1431 2935 ¹
1442 2907 1498 2958 cod.

1385 2970 1529 3025 custodire.

1415 3297 1429 3325 *
1441 3299 1497 3350 cod.

1391 3363 1521 3416 deridere.

1415 3494 1429 3524 *
1441 3497 1496 3548 coti.

1383 3559 1534 3634 inmundis·

1416 3639 1493 3678 srme.

1423 3692 1488 3744 *sin
