<?xml version="1.0" encoding="UTF-8"?>
<!DOCTYPE html PUBLIC "-//W3C//DTD XHTML 1.0 Transitional//EN"
    "http://www.w3.org/TR/xhtml1/DTD/xhtml1-transitional.dtd">
<html xmlns="http://www.w3.org/1999/xhtml" xml:lang="en" lang="en">
 <head>
  <title>
</title>
<meta http-equiv="Content-Type" content="text/html;charset=utf-8" />
  <meta name='ocr-system' content='tesseract 3.04.00' />
  <meta name='ocr-capabilities' content='ocr_page ocr_carea ocr_par ocr_line ocrx_word'/>
</head>
<body>
  <div class='ocr_page' id='page_1' title='image "./cataloguscodicu00belggoog_0334.png"; bbox 0 0 3270 5400; ppageno 0'>
   <div class='ocr_carea' id='block_1_1' title="bbox 370 333 1429 410">
    <p class='ocr_par' dir='ltr' id='par_1_1' title="bbox 370 333 1429 410">
     <span class='ocr_line' id='line_1_1' title="bbox 370 333 1429 410; baseline -0.005 1"><span class='ocrx_word' id='word_1_1' title='bbox 370 370 375 377; x_wconf 56' lang='lat'><strong><em>¹</em></strong></span> <span class='ocrx_word' id='word_1_2' title='bbox 463 358 553 410; x_wconf 80' lang='lat' dir='ltr'>eren.</span> <span class='ocrx_word' id='word_1_3' title='bbox 573 356 653 409; x_wconf 85' lang='lat' dir='ltr'>uso.</span> <span class='ocrx_word' id='word_1_4' title='bbox 674 357 845 409; x_wconf 81' lang='lat' dir='ltr'>eauxnnu.</span> <span class='ocrx_word' id='word_1_5' title='bbox 866 377 912 387; x_wconf 90' lang='lat'>—-</span> <span class='ocrx_word' id='word_1_6' title='bbox 931 357 1010 407; x_wconf 90' lang='lat' dir='ltr'>coo.</span> <span class='ocrx_word' id='word_1_7' title='bbox 1029 355 1065 407; x_wconf 76' lang='lat' dir='ltr'>uo</span> <span class='ocrx_word' id='word_1_8' title='bbox 1083 355 1160 406; x_wconf 79' lang='lat' dir='ltr'>asor.</span> <span class='ocrx_word' id='word_1_9' title='bbox 1357 333 1429 406; x_wconf 86' lang='lat'>315</span> 
     </span>
    </p>
   </div>
   <div class='ocr_carea' id='block_1_2' title="bbox 441 660 1189 772">
    <p class='ocr_par' dir='ltr' id='par_1_2' title="bbox 441 660 1189 772">
     <span class='ocr_line' id='line_1_2' title="bbox 441 660 1189 772; baseline -0.008 -20"><span class='ocrx_word' id='word_1_10' title='bbox 441 664 607 753; x_wconf 80' lang='lat' dir='ltr'>cxnlv.</span> <span class='ocrx_word' id='word_1_11' title='bbox 639 663 764 751; x_wconf 83' lang='lat' dir='ltr'>(lodex</span> <span class='ocrx_word' id='word_1_12' title='bbox 789 661 977 772; x_wconf 82' lang='lat' dir='ltr'>signatus</span> <span class='ocrx_word' id='word_1_13' title='bbox 1002 680 1048 746; x_wconf 87' lang='lat' dir='ltr'>n⁰</span> <span class='ocrx_word' id='word_1_14' title='bbox 1074 660 1189 749; x_wconf 83' lang='lat'>9291.</span> 
     </span>
    </p>
   </div>
   <div class='ocr_carea' id='block_1_3' title="bbox 192 900 1431 1753">
    <p class='ocr_par' dir='ltr' id='par_1_3' title="bbox 195 900 1431 1457">
     <span class='ocr_line' id='line_1_3' title="bbox 231 900 1430 973; baseline -0.003 -15"><span class='ocrx_word' id='word_1_15' title='bbox 231 905 371 959; x_wconf 75' lang='lat' dir='ltr'>Foliorum</span> <span class='ocrx_word' id='word_1_16' title='bbox 383 905 440 969; x_wconf 66' lang='lat'>200,</span> <span class='ocrx_word' id='word_1_17' title='bbox 457 905 553 958; x_wconf 82' lang='lat' dir='ltr'>formae</span> <span class='ocrx_word' id='word_1_18' title='bbox 564 904 678 973; x_wconf 88' lang='lat' dir='ltr'>maj0ris</span> <span class='ocrx_word' id='word_1_19' title='bbox 695 904 797 971; x_wconf 82' lang='lat'>(0¹¹²,371</span> <span class='ocrx_word' id='word_1_20' title='bbox 814 912 839 961; x_wconf 89' lang='grc'>&gt;&lt;</span> <span class='ocrx_word' id='word_1_21' title='bbox 859 906 952 972; x_wconf 71' lang='lat' dir='ltr'>uati).</span> <span class='ocrx_word' id='word_1_22' title='bbox 966 903 1037 958; x_wconf 90' lang='lat' dir='ltr'>binis</span> <span class='ocrx_word' id='word_1_23' title='bbox 1048 902 1192 968; x_wconf 88' lang='lat' dir='ltr'>columnis,</span> <span class='ocrx_word' id='word_1_24' title='bbox 1209 902 1289 956; x_wconf 85' lang='lat' dir='ltr'>lineis</span> <span class='ocrx_word' id='word_1_25' title='bbox 1299 900 1430 970; x_wconf 87' lang='lat' dir='ltr'>graphide</span> 
     </span>
     <span class='ocr_line' id='line_1_4' title="bbox 201 1001 1431 1070; baseline -0.003 -13"><span class='ocrx_word' id='word_1_26' title='bbox 201 1005 288 1058; x_wconf 89' lang='lat' dir='ltr'>ductis</span> <span class='ocrx_word' id='word_1_27' title='bbox 305 1009 433 1058; x_wconf 86' lang='lat' dir='ltr'>exaratus</span> <span class='ocrx_word' id='word_1_28' title='bbox 445 1020 518 1057; x_wconf 90' lang='lat' dir='ltr'>anno</span> <span class='ocrx_word' id='word_1_29' title='bbox 538 1005 608 1068; x_wconf 76' lang='lat'>1480,</span> <span class='ocrx_word' id='word_1_30' title='bbox 626 1010 658 1057; x_wconf 94' lang='lat' dir='ltr'>ut</span> <span class='ocrx_word' id='word_1_31' title='bbox 675 1007 800 1057; x_wconf 89' lang='lat' dir='ltr'>notatum</span> <span class='ocrx_word' id='word_1_32' title='bbox 817 1008 859 1058; x_wconf 88' lang='lat' dir='ltr'>est</span> <span class='ocrx_word' id='word_1_33' title='bbox 876 1005 922 1058; x_wconf 85' lang='lat' dir='ltr'>fol.</span> <span class='ocrx_word' id='word_1_34' title='bbox 939 1006 997 1058; x_wconf 75' lang='lat' dir='ltr'>utu</span> <span class='ocrx_word' id='word_1_35' title='bbox 1014 1004 1049 1057; x_wconf 87' lang='lat' dir='ltr'>ad</span> <span class='ocrx_word' id='word_1_36' title='bbox 1065 1002 1157 1056; x_wconf 85' lang='lat' dir='ltr'>tinem.</span> <span class='ocrx_word' id='word_1_37' title='bbox 1174 1001 1372 1070; x_wconf 76' lang='lat' dir='ltr'>Excipiendum</span> <span class='ocrx_word' id='word_1_38' title='bbox 1389 1003 1431 1054; x_wconf 84' lang='lat' dir='ltr'>est</span> 
     </span>
     <span class='ocr_line' id='line_1_5' title="bbox 200 1099 1431 1171; baseline -0.002 -15"><span class='ocrx_word' id='word_1_39' title='bbox 200 1102 296 1158; x_wconf 82' lang='lat' dir='ltr'>folium</span> <span class='ocrx_word' id='word_1_40' title='bbox 312 1106 323 1158; x_wconf 91' lang='lat' dir='ltr'>l</span> <span class='ocrx_word' id='word_1_41' title='bbox 337 1104 372 1157; x_wconf 88' lang='lat' dir='ltr'>ad</span> <span class='ocrx_word' id='word_1_42' title='bbox 382 1119 484 1156; x_wconf 91' lang='lat' dir='ltr'>annum</span> <span class='ocrx_word' id='word_1_43' title='bbox 497 1103 595 1157; x_wconf 88' lang='lat' dir='ltr'>saltem</span> <span class='ocrx_word' id='word_1_44' title='bbox 608 1103 770 1171; x_wconf 84' lang='lat' dir='ltr'>vigesimum</span> <span class='ocrx_word' id='word_1_45' title='bbox 783 1108 892 1158; x_wconf 87' lang='lat' dir='ltr'>sextum</span> <span class='ocrx_word' id='word_1_46' title='bbox 904 1103 989 1157; x_wconf 89' lang='lat' dir='ltr'>seculi</span> <span class='ocrx_word' id='word_1_47' title='bbox 1001 1101 1099 1157; x_wconf 84' lang='lat' dir='ltr'><strong>decimi</strong></span> <span class='ocrx_word' id='word_1_48' title='bbox 1110 1101 1179 1155; x_wconf 83' lang='lat' dir='ltr'>sexti</span> <span class='ocrx_word' id='word_1_49' title='bbox 1188 1099 1333 1168; x_wconf 77' lang='lat' dir='ltr'>pertinens.</span> <span class='ocrx_word' id='word_1_50' title='bbox 1345 1099 1431 1154; x_wconf 88' lang='lat' dir='ltr'>Tituli</span> 
     </span>
     <span class='ocr_line' id='line_1_6' title="bbox 197 1198 1429 1271; baseline -0.003 -15"><span class='ocrx_word' id='word_1_51' title='bbox 197 1203 338 1267; x_wconf 74' lang='lat' dir='ltr'>rubricati,</span> <span class='ocrx_word' id='word_1_52' title='bbox 346 1202 446 1256; x_wconf 86' lang='lat' dir='ltr'>litterae</span> <span class='ocrx_word' id='word_1_53' title='bbox 458 1202 577 1270; x_wconf 86' lang='lat' dir='ltr'>maj0res</span> <span class='ocrx_word' id='word_1_54' title='bbox 587 1202 669 1254; x_wconf 91' lang='lat' dir='ltr'>rubro</span> <span class='ocrx_word' id='word_1_55' title='bbox 679 1202 834 1256; x_wconf 85' lang='lat' dir='ltr'>coeruleove</span> <span class='ocrx_word' id='word_1_56' title='bbox 845 1201 958 1271; x_wconf 87' lang='lat' dir='ltr'>depictae</span> <span class='ocrx_word' id='word_1_57' title='bbox 970 1200 1086 1255; x_wconf 85' lang='lat' dir='ltr'>subinde</span> <span class='ocrx_word' id='word_1_58' title='bbox 1098 1204 1156 1254; x_wconf 85' lang='lat' dir='ltr'>arte</span> <span class='ocrx_word' id='word_1_59' title='bbox 1164 1198 1267 1253; x_wconf 90' lang='lat' dir='ltr'>rudiori</span> <span class='ocrx_word' id='word_1_60' title='bbox 1277 1203 1387 1253; x_wconf 73' lang='lat' dir='ltr'>ornate.</span> <span class='ocrx_word' id='word_1_61' title='bbox 1399 1199 1429 1252; x_wconf 95' lang='lat' dir='ltr'>ld</span> 
     </span>
     <span class='ocr_line' id='line_1_7' title="bbox 207 1298 1431 1370; baseline -0.003 -15"><span class='ocrx_word' id='word_1_62' title='bbox 207 1306 299 1356; x_wconf 86' lang='lat' dir='ltr'>tamen</span> <span class='ocrx_word' id='word_1_63' title='bbox 312 1318 369 1355; x_wconf 92' lang='lat' dir='ltr'>nou</span> <span class='ocrx_word' id='word_1_64' title='bbox 381 1301 486 1355; x_wconf 87' lang='lat' dir='ltr'>obtinet</span> <span class='ocrx_word' id='word_1_65' title='bbox 499 1302 527 1354; x_wconf 92' lang='lat' dir='ltr'>in</span> <span class='ocrx_word' id='word_1_66' title='bbox 539 1301 627 1370; x_wconf 90' lang='lat' dir='ltr'>prima</span> <span class='ocrx_word' id='word_1_67' title='bbox 638 1301 729 1355; x_wconf 89' lang='lat' dir='ltr'>littera</span> <span class='ocrx_word' id='word_1_68' title='bbox 740 1301 786 1355; x_wconf 85' lang='lat' dir='ltr'>sol.</span> <span class='ocrx_word' id='word_1_69' title='bbox 797 1301 832 1363; x_wconf 59' lang='lat' dir='ltr'>it,</span> <span class='ocrx_word' id='word_1_70' title='bbox 844 1318 905 1370; x_wconf 83' lang='lat' dir='ltr'>quae</span> <span class='ocrx_word' id='word_1_71' title='bbox 916 1317 984 1354; x_wconf 89' lang='lat' dir='ltr'>auro</span> <span class='ocrx_word' id='word_1_72' title='bbox 997 1300 1099 1369; x_wconf 81' lang='lat' dir='ltr'>fulgida</span> <span class='ocrx_word' id='word_1_73' title='bbox 1107 1299 1181 1353; x_wconf 89' lang='lat' dir='ltr'>baud</span> <span class='ocrx_word' id='word_1_74' title='bbox 1193 1298 1350 1369; x_wconf 87' lang='lat' dir='ltr'>imperitum</span> <span class='ocrx_word' id='word_1_75' title='bbox 1367 1298 1431 1352; x_wconf 89' lang='lat' dir='ltr'>arti·</span> 
     </span>
     <span class='ocr_line' id='line_1_8' title="bbox 195 1402 458 1457; baseline -0.004 -2"><span class='ocrx_word' id='word_1_76' title='bbox 195 1402 278 1457; x_wconf 82' lang='lat' dir='ltr'>tieem</span> <span class='ocrx_word' id='word_1_77' title='bbox 291 1403 458 1456; x_wconf 78' lang='lat' dir='ltr'>manifestat.</span> 
     </span>
    </p>

    <p class='ocr_par' dir='ltr' id='par_1_4' title="bbox 192 1497 1431 1753">
     <span class='ocr_line' id='line_1_9' title="bbox 236 1497 1430 1567; baseline -0.004 -11"><span class='ocrx_word' id='word_1_78' title='bbox 236 1502 309 1556; x_wconf 87' lang='lat' dir='ltr'>Olim</span> <span class='ocrx_word' id='word_1_79' title='bbox 321 1504 380 1556; x_wconf 86' lang='lat' dir='ltr'>erat</span> <span class='ocrx_word' id='word_1_80' title='bbox 396 1502 421 1555; x_wconf 93' lang='lat' dir='ltr'>S.</span> <span class='ocrx_word' id='word_1_81' title='bbox 434 1502 574 1554; x_wconf 86' lang='lat' dir='ltr'>Laurentii</span> <span class='ocrx_word' id='word_1_82' title='bbox 584 1500 753 1555; x_wconf 85' lang='lat' dir='ltr'>Leodiensis.</span> <span class='ocrx_word' id='word_1_83' title='bbox 771 1500 850 1567; x_wconf 90' lang='lat' dir='ltr'>Quod</span> <span class='ocrx_word' id='word_1_84' title='bbox 870 1506 975 1553; x_wconf 89' lang='lat' dir='ltr'>certum</span> <span class='ocrx_word' id='word_1_85' title='bbox 995 1500 1099 1553; x_wconf 82' lang='lat' dir='ltr'>iaciunt</span> <span class='ocrx_word' id='word_1_86' title='bbox 1115 1498 1212 1553; x_wconf 84' lang='lat' dir='ltr'>litterae</span> <span class='ocrx_word' id='word_1_87' title='bbox 1227 1499 1282 1552; x_wconf 87' lang='lat' dir='ltr'>LL</span> <span class='ocrx_word' id='word_1_88' title='bbox 1300 1498 1346 1552; x_wconf 86' lang='lat' dir='ltr'>lol.</span> <span class='ocrx_word' id='word_1_89' title='bbox 1360 1500 1384 1552; x_wconf 79' lang='lat'>1¹</span> <span class='ocrx_word' id='word_1_90' title='bbox 1401 1497 1430 1551; x_wconf 93' lang='lat' dir='ltr'>in</span> 
     </span>
     <span class='ocr_line' id='line_1_10' title="bbox 204 1597 1431 1671; baseline -0.005 -16"><span class='ocrx_word' id='word_1_91' title='bbox 204 1602 327 1671; x_wconf 78' lang='lat' dir='ltr'>margine</span> <span class='ocrx_word' id='word_1_92' title='bbox 339 1600 479 1669; x_wconf 85' lang='lat' dir='ltr'>superiore</span> <span class='ocrx_word' id='word_1_93' title='bbox 497 1600 612 1668; x_wconf 75' lang='lat' dir='ltr'>scriptas.</span> <span class='ocrx_word' id='word_1_94' title='bbox 626 1599 656 1653; x_wconf 93' lang='lat' dir='ltr'>In</span> <span class='ocrx_word' id='word_1_95' title='bbox 668 1616 727 1668; x_wconf 87' lang='lat' dir='ltr'>cap.</span> <span class='ocrx_word' id='word_1_96' title='bbox 739 1601 799 1654; x_wconf 92' lang='lat' dir='ltr'>cod.</span> <span class='ocrx_word' id='word_1_97' title='bbox 812 1600 839 1653; x_wconf 91' lang='lat' dir='ltr'>in</span> <span class='ocrx_word' id='word_1_98' title='bbox 857 1599 953 1652; x_wconf 87' lang='lat' dir='ltr'>charta</span> <span class='ocrx_word' id='word_1_99' title='bbox 970 1614 1055 1653; x_wconf 87' lang='lat' dir='ltr'>mauu</span> <span class='ocrx_word' id='word_1_100' title='bbox 1072 1615 1125 1652; x_wconf 87' lang='lat' dir='ltr'>sec.</span> <span class='ocrx_word' id='word_1_101' title='bbox 1144 1598 1203 1651; x_wconf 86' lang='lat' dir='ltr'>XVI</span> <span class='ocrx_word' id='word_1_102' title='bbox 1221 1597 1372 1666; x_wconf 88' lang='lat' dir='ltr'>descriptus</span> <span class='ocrx_word' id='word_1_103' title='bbox 1390 1600 1431 1650; x_wconf 84' lang='lat' dir='ltr'>est</span> 
     </span>
     <span class='ocr_line' id='line_1_11' title="bbox 192 1698 496 1753; baseline 0.003 -1"><span class='ocrx_word' id='word_1_104' title='bbox 192 1698 282 1752; x_wconf 84' lang='lat' dir='ltr'>index</span> <span class='ocrx_word' id='word_1_105' title='bbox 294 1704 496 1753; x_wconf 88' lang='lat' dir='ltr'>contentorum.</span> 
     </span>
    </p>
   </div>
   <div class='ocr_carea' id='block_1_4' title="bbox 305 1896 1431 1989">
    <p class='ocr_par' dir='ltr' id='par_1_5' title="bbox 305 1896 1431 1989">
     <span class='ocr_line' id='line_1_12' title="bbox 305 1896 1431 1989; baseline -0.002 -18"><span class='ocrx_word' id='word_1_106' title='bbox 305 1902 341 1971; x_wconf 90' lang='lat'>1⁰</span> <span class='ocrx_word' id='word_1_107' title='bbox 366 1899 418 1971; x_wconf 87' lang='lat' dir='ltr'>De</span> <span class='ocrx_word' id='word_1_108' title='bbox 437 1898 637 1971; x_wconf 84' lang='lat' dir='ltr'>venerabili</span> <span class='ocrx_word' id='word_1_109' title='bbox 655 1904 691 1970; x_wconf 89' lang='lat' dir='ltr'>et</span> <span class='ocrx_word' id='word_1_110' title='bbox 717 1903 846 1970; x_wconf 86' lang='lat' dir='ltr'>sancto</span> <span class='ocrx_word' id='word_1_111' title='bbox 870 1897 986 1989; x_wconf 87' lang='lat' dir='ltr'>capite</span> <span class='ocrx_word' id='word_1_112' title='bbox 1007 1896 1105 1969; x_wconf 89' lang='lat' dir='ltr'>beati</span> <span class='ocrx_word' id='word_1_113' title='bbox 1121 1896 1310 1970; x_wconf 86' lang='lat' dir='ltr'>Laurentii</span> <span class='ocrx_word' id='word_1_114' title='bbox 1336 1918 1431 1969; x_wconf 89' lang='lat' dir='ltr'>mar-</span> 
     </span>
    </p>
   </div>
   <div class='ocr_carea' id='block_1_5' title="bbox 352 2013 1227 2106">
    <p class='ocr_par' dir='ltr' id='par_1_6' title="bbox 352 2013 1227 2106">
     <span class='ocr_line' id='line_1_13' title="bbox 352 2013 1227 2106; baseline -0.002 -21"><span class='ocrx_word' id='word_1_115' title='bbox 352 2013 443 2106; x_wconf 88' lang='lat' dir='ltr'>tyris</span> <span class='ocrx_word' id='word_1_116' title='bbox 462 2019 499 2086; x_wconf 90' lang='lat' dir='ltr'>et</span> <span class='ocrx_word' id='word_1_117' title='bbox 517 2019 620 2106; x_wconf 85' lang='lat' dir='ltr'>parte</span> <span class='ocrx_word' id='word_1_118' title='bbox 639 2015 718 2105; x_wconf 86' lang='lat' dir='ltr'>ejus</span> <span class='ocrx_word' id='word_1_119' title='bbox 733 2014 778 2085; x_wconf 88' lang='lat' dir='ltr'>ad</span> <span class='ocrx_word' id='word_1_120' title='bbox 796 2035 866 2085; x_wconf 90' lang='lat' dir='ltr'>nos</span> <span class='ocrx_word' id='word_1_121' title='bbox 883 2013 1005 2086; x_wconf 79' lang='lat' dir='ltr'>delata</span> <span class='ocrx_word' id='word_1_122' title='bbox 1021 2013 1098 2104; x_wconf 88' lang='lat' dir='ltr'>(fol.</span> <span class='ocrx_word' id='word_1_123' title='bbox 1118 2015 1227 2103; x_wconf 59' lang='grc' dir='ltr'>ΙΨ).</span> 
     </span>
    </p>
   </div>
   <div class='ocr_carea' id='block_1_6' title="bbox 196 2141 1442 4795">
    <p class='ocr_par' dir='ltr' id='par_1_7' title="bbox 197 2141 1442 3701">
     <span class='ocr_line' id='line_1_14' title="bbox 236 2141 1433 2212; baseline -0.003 -15"><span class='ocrx_word' id='word_1_124' title='bbox 236 2144 316 2197; x_wconf 80' lang='lat' dir='ltr'>Anno</span> <span class='ocrx_word' id='word_1_125' title='bbox 330 2142 479 2197; x_wconf 83' lang='lat' dir='ltr'>Dominicae</span> <span class='ocrx_word' id='word_1_126' title='bbox 492 2143 687 2197; x_wconf 77' lang='lat' dir='ltr'>incarnationis</span> <span class='ocrx_word' id='word_1_127' title='bbox 700 2142 846 2196; x_wconf 90' lang='lat' dir='ltr'>millesimo</span> <span class='ocrx_word' id='word_1_128' title='bbox 858 2143 1076 2212; x_wconf 89' lang='lat' dir='ltr'>quingentesimo</span> <span class='ocrx_word' id='word_1_129' title='bbox 1087 2142 1217 2195; x_wconf 88' lang='lat' dir='ltr'>vicesimo</span> <span class='ocrx_word' id='word_1_130' title='bbox 1228 2146 1315 2204; x_wconf 87' lang='lat' dir='ltr'>sexto,</span> <span class='ocrx_word' id='word_1_131' title='bbox 1323 2141 1433 2209; x_wconf 89' lang='lat' dir='ltr'>quando</span> 
     </span>
     <span class='ocr_line' id='line_1_15' title="bbox 202 2239 1433 2307; baseline -0.004 -11"><span class='ocrx_word' id='word_1_132' title='bbox 202 2242 369 2297; x_wconf 78' lang='lat' dir='ltr'>uenerabilis</span> <span class='ocrx_word' id='word_1_133' title='bbox 387 2242 515 2295; x_wconf 92' lang='lat' dir='ltr'>dominus</span> <span class='ocrx_word' id='word_1_134' title='bbox 527 2243 645 2296; x_wconf 84' lang='lat' dir='ltr'>Erardus</span> <span class='ocrx_word' id='word_1_135' title='bbox 657 2242 691 2294; x_wconf 92' lang='lat' dir='ltr'>de</span> <span class='ocrx_word' id='word_1_136' title='bbox 708 2242 808 2306; x_wconf 75' lang='lat' dir='ltr'>Martia,</span> <span class='ocrx_word' id='word_1_137' title='bbox 825 2242 971 2296; x_wconf 89' lang='lat' dir='ltr'>cardinalis</span> <span class='ocrx_word' id='word_1_138' title='bbox 982 2241 1148 2307; x_wconf 87' lang='lat' dir='ltr'>Leodiensis,</span> <span class='ocrx_word' id='word_1_139' title='bbox 1161 2240 1297 2295; x_wconf 82' lang='lat' dir='ltr'>ordinarit</span> <span class='ocrx_word' id='word_1_140' title='bbox 1308 2243 1338 2293; x_wconf 92' lang='lat' dir='ltr'>ut</span> <span class='ocrx_word' id='word_1_141' title='bbox 1350 2239 1377 2293; x_wconf 92' lang='lat' dir='ltr'>in</span> <span class='ocrx_word' id='word_1_142' title='bbox 1390 2239 1433 2292; x_wconf 90' lang='lat' dir='ltr'>die</span> 
     </span>
     <span class='ocr_line' id='line_1_16' title="bbox 199 2341 1434 2409; baseline -0.002 -15"><span class='ocrx_word' id='word_1_143' title='bbox 199 2341 390 2395; x_wconf 83' lang='lat' dir='ltr'>translationis</span> <span class='ocrx_word' id='word_1_144' title='bbox 402 2341 489 2395; x_wconf 89' lang='lat' dir='ltr'>sancti</span> <span class='ocrx_word' id='word_1_145' title='bbox 500 2341 640 2395; x_wconf 87' lang='lat' dir='ltr'>Lamberti</span> <span class='ocrx_word' id='word_1_146' title='bbox 652 2341 774 2407; x_wconf 86' lang='lat' dir='ltr'>ejusdem</span> <span class='ocrx_word' id='word_1_147' title='bbox 794 2341 904 2409; x_wconf 81' lang='lat' dir='ltr'>gloriosi</span> <span class='ocrx_word' id='word_1_148' title='bbox 917 2341 1044 2408; x_wconf 82' lang='lat' dir='ltr'>martyris</span> <span class='ocrx_word' id='word_1_149' title='bbox 1053 2345 1135 2409; x_wconf 91' lang='lat' dir='ltr'>caput</span> <span class='ocrx_word' id='word_1_150' title='bbox 1146 2341 1305 2394; x_wconf 89' lang='lat' dir='ltr'>solemniter</span> <span class='ocrx_word' id='word_1_151' title='bbox 1314 2343 1434 2408; x_wconf 75' lang='lat' dir='ltr'>portare</span> 
     </span>
     <span class='ocr_line' id='line_1_17' title="bbox 197 2437 1434 2510; baseline -0.002 -18"><span class='ocrx_word' id='word_1_152' title='bbox 197 2443 253 2505; x_wconf 84' lang='lat' dir='ltr'>tur,</span> <span class='ocrx_word' id='word_1_153' title='bbox 271 2439 357 2493; x_wconf 88' lang='lat' dir='ltr'>altera</span> <span class='ocrx_word' id='word_1_154' title='bbox 369 2440 413 2493; x_wconf 89' lang='lat' dir='ltr'>die</span> <span class='ocrx_word' id='word_1_155' title='bbox 425 2457 479 2509; x_wconf 90' lang='lat' dir='ltr'>qua</span> <span class='ocrx_word' id='word_1_156' title='bbox 496 2441 569 2495; x_wconf 85' lang='lat' dir='ltr'>dicta</span> <span class='ocrx_word' id='word_1_157' title='bbox 586 2441 724 2510; x_wconf 89' lang='lat' dir='ltr'>processio</span> <span class='ocrx_word' id='word_1_158' title='bbox 743 2441 879 2494; x_wconf 89' lang='lat' dir='ltr'>celebrata</span> <span class='ocrx_word' id='word_1_159' title='bbox 891 2440 988 2505; x_wconf 86' lang='lat' dir='ltr'>luerat,</span> <span class='ocrx_word' id='word_1_160' title='bbox 1005 2440 1059 2493; x_wconf 89' lang='lat' dir='ltr'>hoc</span> <span class='ocrx_word' id='word_1_161' title='bbox 1078 2444 1119 2492; x_wconf 89' lang='lat' dir='ltr'>est</span> <span class='ocrx_word' id='word_1_162' title='bbox 1137 2439 1164 2492; x_wconf 93' lang='lat' dir='ltr'>in</span> <span class='ocrx_word' id='word_1_163' title='bbox 1182 2439 1226 2491; x_wconf 92' lang='lat' dir='ltr'>die</span> <span class='ocrx_word' id='word_1_164' title='bbox 1243 2437 1434 2492; x_wconf 85' lang='lat' dir='ltr'>celebrationis</span> 
     </span>
     <span class='ocr_line' id='line_1_18' title="bbox 199 2536 1434 2609; baseline -0.001 -19"><span class='ocrx_word' id='word_1_165' title='bbox 199 2538 379 2608; x_wconf 86' lang='lat' dir='ltr'>reliquiarum</span> <span class='ocrx_word' id='word_1_166' title='bbox 392 2539 479 2592; x_wconf 89' lang='lat' dir='ltr'>sancti</span> <span class='ocrx_word' id='word_1_167' title='bbox 492 2540 639 2602; x_wconf 88' lang='lat' dir='ltr'>Laurentii,</span> <span class='ocrx_word' id='word_1_168' title='bbox 652 2540 764 2609; x_wconf 91' lang='lat' dir='ltr'>quidam</span> <span class='ocrx_word' id='word_1_169' title='bbox 778 2538 943 2592; x_wconf 84' lang='lat' dir='ltr'>venerabilis</span> <span class='ocrx_word' id='word_1_170' title='bbox 962 2538 1098 2603; x_wconf 90' lang='lat' dir='ltr'>dominus,</span> <span class='ocrx_word' id='word_1_171' title='bbox 1110 2537 1223 2591; x_wconf 90' lang='lat' dir='ltr'>nomine</span> <span class='ocrx_word' id='word_1_172' title='bbox 1242 2537 1339 2591; x_wconf 85' lang='lat' dir='ltr'>Petrus</span> <span class='ocrx_word' id='word_1_173' title='bbox 1355 2536 1434 2606; x_wconf 89' lang='lat' dir='ltr'>Spre-</span> 
     </span>
     <span class='ocr_line' id='line_1_19' title="bbox 202 2635 1434 2707; baseline -0.001 -17"><span class='ocrx_word' id='word_1_174' title='bbox 202 2637 531 2702; x_wconf 74' lang='lat' dir='ltr'>wartcanonicussancti</span> <span class='ocrx_word' id='word_1_175' title='bbox 540 2639 656 2694; x_wconf 82' lang='lat' dir='ltr'>Servatii</span> <span class='ocrx_word' id='word_1_176' title='bbox 665 2637 848 2707; x_wconf 87' lang='lat' dir='ltr'>Trajectensis</span> <span class='ocrx_word' id='word_1_177' title='bbox 857 2637 1304 2707; x_wconf 85' lang='lat' dir='ltr'>superblosam,necnonetsancti</span> <span class='ocrx_word' id='word_1_178' title='bbox 1313 2635 1434 2705; x_wconf 88' lang='lat' dir='ltr'>Dionysii</span> 
     </span>
     <span class='ocr_line' id='line_1_20' title="bbox 203 2735 1435 2806; baseline -0.002 -14"><span class='ocrx_word' id='word_1_179' title='bbox 203 2737 231 2792; x_wconf 90' lang='lat' dir='ltr'>in</span> <span class='ocrx_word' id='word_1_180' title='bbox 243 2738 355 2801; x_wconf 83' lang='lat' dir='ltr'>Leodio,</span> <span class='ocrx_word' id='word_1_181' title='bbox 367 2737 442 2790; x_wconf 86' lang='lat' dir='ltr'>misit</span> <span class='ocrx_word' id='word_1_182' title='bbox 458 2739 493 2791; x_wconf 88' lang='lat' dir='ltr'>ad</span> <span class='ocrx_word' id='word_1_183' title='bbox 507 2739 706 2792; x_wconf 87' lang='lat' dir='ltr'>monasterium</span> <span class='ocrx_word' id='word_1_184' title='bbox 724 2744 849 2791; x_wconf 89' lang='lat' dir='ltr'>nostrum</span> <span class='ocrx_word' id='word_1_185' title='bbox 870 2737 1024 2806; x_wconf 87' lang='lat' dir='ltr'>portionem</span> <span class='ocrx_word' id='word_1_186' title='bbox 1043 2737 1190 2791; x_wconf 85' lang='lat' dir='ltr'>venerandi</span> <span class='ocrx_word' id='word_1_187' title='bbox 1210 2736 1306 2805; x_wconf 88' lang='lat' dir='ltr'>capitis</span> <span class='ocrx_word' id='word_1_188' title='bbox 1324 2735 1435 2805; x_wconf 78' lang='lat' dir='ltr'>gloriosi</span> 
     </span>
     <span class='ocr_line' id='line_1_21' title="bbox 203 2837 1434 2917; baseline -0.001 -26"><span class='ocrx_word' id='word_1_189' title='bbox 203 2839 329 2906; x_wconf 85' lang='lat' dir='ltr'>martyris</span> <span class='ocrx_word' id='word_1_190' title='bbox 341 2838 482 2892; x_wconf 88' lang='lat' dir='ltr'>Laurentii</span> <span class='ocrx_word' id='word_1_191' title='bbox 495 2839 603 2907; x_wconf 90' lang='lat' dir='ltr'>patroni</span> <span class='ocrx_word' id='word_1_192' title='bbox 613 2838 699 2892; x_wconf 88' lang='lat' dir='ltr'>nostri</span> <span class='ocrx_word' id='word_1_193' title='bbox 712 2855 760 2906; x_wconf 91' lang='lat' dir='ltr'>per</span> <span class='ocrx_word' id='word_1_194' title='bbox 772 2839 919 2917; x_wconf 87' lang='lat' dir='ltr'>quemdam</span> <span class='ocrx_word' id='word_1_195' title='bbox 932 2838 1015 2891; x_wconf 89' lang='lat' dir='ltr'>alium</span> <span class='ocrx_word' id='word_1_196' title='bbox 1028 2838 1221 2891; x_wconf 89' lang='lat' dir='ltr'>honorandum</span> <span class='ocrx_word' id='word_1_197' title='bbox 1231 2837 1320 2891; x_wconf 83' lang='lat' dir='ltr'>virum</span> <span class='ocrx_word' id='word_1_198' title='bbox 1332 2837 1434 2891; x_wconf 85' lang='lat' dir='ltr'>lohan-</span> 
     </span>
     <span class='ocr_line' id='line_1_22' title="bbox 206 2937 1434 3006; baseline -0.001 -15"><span class='ocrx_word' id='word_1_199' title='bbox 206 2953 265 2991; x_wconf 91' lang='lat' dir='ltr'>nem</span> <span class='ocrx_word' id='word_1_200' title='bbox 278 2938 411 3006; x_wconf 87' lang='lat' dir='ltr'>Gonpars,</span> <span class='ocrx_word' id='word_1_201' title='bbox 423 2938 586 2991; x_wconf 90' lang='lat' dir='ltr'>canonicum</span> <span class='ocrx_word' id='word_1_202' title='bbox 605 2939 691 2991; x_wconf 90' lang='lat' dir='ltr'>sancti</span> <span class='ocrx_word' id='word_1_203' title='bbox 711 2938 833 3005; x_wconf 81' lang='lat' dir='ltr'>Dionysii</span> <span class='ocrx_word' id='word_1_204' title='bbox 850 2937 1016 3001; x_wconf 88' lang='lat' dir='ltr'>Leodiensis,</span> <span class='ocrx_word' id='word_1_205' title='bbox 1034 2937 1146 2991; x_wconf 82' lang='lat' dir='ltr'>fratrem</span> <span class='ocrx_word' id='word_1_206' title='bbox 1159 2937 1264 2992; x_wconf 90' lang='lat' dir='ltr'>domini</span> <span class='ocrx_word' id='word_1_207' title='bbox 1275 2937 1388 2991; x_wconf 88' lang='lat' dir='ltr'>Gerardi</span> <span class='ocrx_word' id='word_1_208' title='bbox 1400 2939 1434 2990; x_wconf 84' lang='lat' dir='ltr'>de</span> 
     </span>
     <span class='ocr_line' id='line_1_23' title="bbox 206 3036 1442 3121; baseline 0.001 -32"><span class='ocrx_word' id='word_1_209' title='bbox 206 3036 308 3105; x_wconf 79' lang='lat' dir='ltr'>Zuylre,</span> <span class='ocrx_word' id='word_1_210' title='bbox 330 3037 439 3090; x_wconf 87' lang='lat' dir='ltr'>abbatis</span> <span class='ocrx_word' id='word_1_211' title='bbox 455 3037 617 3090; x_wconf 88' lang='lat' dir='ltr'>monasterii</span> <span class='ocrx_word' id='word_1_212' title='bbox 634 3037 729 3091; x_wconf 88' lang='lat' dir='ltr'>nostri.</span> <span class='ocrx_word' id='word_1_213' title='bbox 747 3037 822 3103; x_wconf 88' lang='lat' dir='ltr'>Quas</span> <span class='ocrx_word' id='word_1_214' title='bbox 840 3036 968 3105; x_wconf 81' lang='lat' dir='ltr'>reliquias</span> <span class='ocrx_word' id='word_1_215' title='bbox 986 3036 1131 3105; x_wconf 85' lang='lat' dir='ltr'>praedictus</span> <span class='ocrx_word' id='word_1_216' title='bbox 1149 3037 1234 3090; x_wconf 86' lang='lat' dir='ltr'>abbas</span> <span class='ocrx_word' id='word_1_217' title='bbox 1254 3052 1316 3090; x_wconf 88' lang='lat' dir='ltr'>cum</span> <span class='ocrx_word' id='word_1_218' title='bbox 1335 3053 1442 3121; x_wconf 52' lang='lat' dir='ltr'>magna⁸</span> 
     </span>
     <span class='ocr_line' id='line_1_24' title="bbox 204 3135 1433 3205; baseline 0 -16"><span class='ocrx_word' id='word_1_219' title='bbox 204 3137 349 3204; x_wconf 86' lang='lat' dir='ltr'>gratiarum</span> <span class='ocrx_word' id='word_1_220' title='bbox 362 3137 470 3191; x_wconf 88' lang='lat' dir='ltr'>actione</span> <span class='ocrx_word' id='word_1_221' title='bbox 482 3141 509 3189; x_wconf 92' lang='lat' dir='ltr'>et</span> <span class='ocrx_word' id='word_1_222' title='bbox 521 3137 626 3190; x_wconf 88' lang='lat' dir='ltr'>decenti</span> <span class='ocrx_word' id='word_1_223' title='bbox 641 3135 793 3190; x_wconf 82' lang='lat' dir='ltr'>reuerentia</span> <span class='ocrx_word' id='word_1_224' title='bbox 805 3135 963 3205; x_wconf 89' lang='lat' dir='ltr'>suscipiens,</span> <span class='ocrx_word' id='word_1_225' title='bbox 982 3136 1101 3204; x_wconf 84' lang='lat' dir='ltr'>portarit</span> <span class='ocrx_word' id='word_1_226' title='bbox 1116 3153 1209 3190; x_wconf 89' lang='lat' dir='ltr'>secum</span> <span class='ocrx_word' id='word_1_227' title='bbox 1231 3136 1265 3189; x_wconf 88' lang='lat' dir='ltr'>ud</span> <span class='ocrx_word' id='word_1_228' title='bbox 1282 3136 1433 3190; x_wconf 85' lang='lat' dir='ltr'>sacristiam</span> 
     </span>
     <span class='ocr_line' id='line_1_25' title="bbox 205 3235 1435 3304; baseline 0 -16"><span class='ocrx_word' id='word_1_229' title='bbox 205 3235 371 3298; x_wconf 86' lang='lat' dir='ltr'>monasterii,</span> <span class='ocrx_word' id='word_1_230' title='bbox 383 3235 481 3288; x_wconf 89' lang='lat' dir='ltr'>eodem</span> <span class='ocrx_word' id='word_1_231' title='bbox 494 3235 537 3288; x_wconf 92' lang='lat' dir='ltr'>die</span> <span class='ocrx_word' id='word_1_232' title='bbox 550 3252 687 3289; x_wconf 88' lang='lat' dir='ltr'>summam</span> <span class='ocrx_word' id='word_1_233' title='bbox 706 3236 818 3289; x_wconf 91' lang='lat' dir='ltr'>missam</span> <span class='ocrx_word' id='word_1_234' title='bbox 841 3235 1043 3288; x_wconf 88' lang='lat' dir='ltr'>celebraturus:</span> <span class='ocrx_word' id='word_1_235' title='bbox 1061 3240 1089 3288; x_wconf 91' lang='lat' dir='ltr'>et</span> <span class='ocrx_word' id='word_1_236' title='bbox 1107 3241 1205 3289; x_wconf 86' lang='lat' dir='ltr'>vocato</span> <span class='ocrx_word' id='word_1_237' title='bbox 1222 3235 1321 3304; x_wconf 90' lang='lat' dir='ltr'>priore,</span> <span class='ocrx_word' id='word_1_238' title='bbox 1333 3235 1358 3288; x_wconf 92' lang='lat' dir='ltr'>ei</span> <span class='ocrx_word' id='word_1_239' title='bbox 1375 3235 1435 3289; x_wconf 88' lang='lat' dir='ltr'>illas</span> 
     </span>
     <span class='ocr_line' id='line_1_26' title="bbox 205 3335 1435 3404; baseline 0.001 -16"><span class='ocrx_word' id='word_1_240' title='bbox 205 3335 331 3398; x_wconf 84' lang='lat' dir='ltr'>ostendit,</span> <span class='ocrx_word' id='word_1_241' title='bbox 348 3335 395 3403; x_wconf 90' lang='lat' dir='ltr'>qui</span> <span class='ocrx_word' id='word_1_242' title='bbox 415 3336 525 3403; x_wconf 81' lang='lat' dir='ltr'>gavisus</span> <span class='ocrx_word' id='word_1_243' title='bbox 550 3351 596 3388; x_wconf 89' lang='lat' dir='ltr'>eas</span> <span class='ocrx_word' id='word_1_244' title='bbox 617 3336 716 3388; x_wconf 86' lang='lat' dir='ltr'>devote</span> <span class='ocrx_word' id='word_1_245' title='bbox 743 3335 960 3398; x_wconf 87' lang='lat' dir='ltr'>deosculabatur,</span> <span class='ocrx_word' id='word_1_246' title='bbox 981 3339 1009 3387; x_wconf 91' lang='lat' dir='ltr'>et</span> <span class='ocrx_word' id='word_1_247' title='bbox 1030 3335 1069 3388; x_wconf 85' lang='lat' dir='ltr'>sio</span> <span class='ocrx_word' id='word_1_248' title='bbox 1089 3351 1170 3404; x_wconf 91' lang='lat' dir='ltr'>super</span> <span class='ocrx_word' id='word_1_249' title='bbox 1189 3351 1329 3389; x_wconf 91' lang='lat' dir='ltr'>summurn</span> <span class='ocrx_word' id='word_1_250' title='bbox 1349 3335 1435 3389; x_wconf 88' lang='lat' dir='ltr'>altare</span> 
     </span>
     <span class='ocr_line' id='line_1_27' title="bbox 204 3434 1435 3502; baseline 0 -15"><span class='ocrx_word' id='word_1_251' title='bbox 204 3434 298 3502; x_wconf 83' lang='lat' dir='ltr'>positoe</span> <span class='ocrx_word' id='word_1_252' title='bbox 307 3435 427 3487; x_wconf 82' lang='lat' dir='ltr'>luerunt</span> <span class='ocrx_word' id='word_1_253' title='bbox 437 3434 513 3487; x_wconf 90' lang='lat' dir='ltr'>Tunc</span> <span class='ocrx_word' id='word_1_254' title='bbox 523 3434 652 3487; x_wconf 91' lang='lat' dir='ltr'>dominus</span> <span class='ocrx_word' id='word_1_255' title='bbox 661 3434 748 3487; x_wconf 90' lang='lat' dir='ltr'>abhas</span> <span class='ocrx_word' id='word_1_256' title='bbox 758 3434 961 3502; x_wconf 81' lang='lat' dir='ltr'>pontificalibus</span> <span class='ocrx_word' id='word_1_257' title='bbox 970 3435 1138 3487; x_wconf 87' lang='lat' dir='ltr'>ornamentis</span> <span class='ocrx_word' id='word_1_258' title='bbox 1149 3434 1292 3488; x_wconf 87' lang='lat' dir='ltr'>redimitus</span> <span class='ocrx_word' id='word_1_259' title='bbox 1303 3435 1435 3488; x_wconf 88' lang='lat' dir='ltr'>accedens</span> 
     </span>
     <span class='ocr_line' id='line_1_28' title="bbox 203 3532 1435 3601; baseline -0.002 -14"><span class='ocrx_word' id='word_1_260' title='bbox 203 3533 238 3587; x_wconf 84' lang='lat' dir='ltr'>ad</span> <span class='ocrx_word' id='word_1_261' title='bbox 249 3533 342 3595; x_wconf 87' lang='lat' dir='ltr'>altare,</span> <span class='ocrx_word' id='word_1_262' title='bbox 355 3533 485 3586; x_wconf 81' lang='lat' dir='ltr'>fratribus</span> <span class='ocrx_word' id='word_1_263' title='bbox 497 3550 561 3585; x_wconf 89' lang='lat' dir='ltr'>suas</span> <span class='ocrx_word' id='word_1_264' title='bbox 579 3550 661 3586; x_wconf 91' lang='lat' dir='ltr'>voces</span> <span class='ocrx_word' id='word_1_265' title='bbox 674 3533 701 3587; x_wconf 91' lang='lat' dir='ltr'>in</span> <span class='ocrx_word' id='word_1_266' title='bbox 718 3534 836 3587; x_wconf 88' lang='lat' dir='ltr'>sublime</span> <span class='ocrx_word' id='word_1_267' title='bbox 857 3533 1049 3595; x_wconf 86' lang='lat' dir='ltr'>exaltantibus,</span> <span class='ocrx_word' id='word_1_268' title='bbox 1062 3533 1306 3601; x_wconf 83' lang='lat' dir='ltr'>resonantibusque</span> <span class='ocrx_word' id='word_1_269' title='bbox 1319 3532 1435 3600; x_wconf 85' lang='lat' dir='ltr'>organis,</span> 
     </span>
     <span class='ocr_line' id='line_1_29' title="bbox 202 3631 1396 3701; baseline -0.001 -15"><span class='ocrx_word' id='word_1_270' title='bbox 202 3631 296 3686; x_wconf 88' lang='lat' dir='ltr'>laudes</span> <span class='ocrx_word' id='word_1_271' title='bbox 308 3633 367 3685; x_wconf 86' lang='lat' dir='ltr'>Deo</span> <span class='ocrx_word' id='word_1_272' title='bbox 379 3638 586 3701; x_wconf 88' lang='lat' dir='ltr'>personuerunt,</span> <span class='ocrx_word' id='word_1_273' title='bbox 599 3638 626 3685; x_wconf 91' lang='lat' dir='ltr'>et</span> <span class='ocrx_word' id='word_1_274' title='bbox 637 3633 750 3686; x_wconf 86' lang='lat' dir='ltr'>missam</span> <span class='ocrx_word' id='word_1_275' title='bbox 765 3633 909 3686; x_wconf 90' lang='lat' dir='ltr'>inhonore</span> <span class='ocrx_word' id='word_1_276' title='bbox 922 3632 1007 3685; x_wconf 89' lang='lat' dir='ltr'>sancti</span> <span class='ocrx_word' id='word_1_277' title='bbox 1020 3632 1160 3685; x_wconf 89' lang='lat' dir='ltr'>Laurentii</span> <span class='ocrx_word' id='word_1_278' title='bbox 1175 3632 1396 3685; x_wconf 83' lang='lat' dir='ltr'>decantaverunt.</span> 
     </span>
    </p>

    <p class='ocr_par' dir='ltr' id='par_1_8' title="bbox 196 3730 1437 4795">
     <span class='ocr_line' id='line_1_30' title="bbox 236 3730 1433 3800; baseline -0.001 -15"><span class='ocrx_word' id='word_1_279' title='bbox 236 3732 286 3785; x_wconf 88' lang='lat' dir='ltr'>Hic</span> <span class='ocrx_word' id='word_1_280' title='bbox 304 3731 450 3800; x_wconf 88' lang='lat' dir='ltr'>praedictus</span> <span class='ocrx_word' id='word_1_281' title='bbox 461 3731 610 3785; x_wconf 89' lang='lat' dir='ltr'>canonicus</span> <span class='ocrx_word' id='word_1_282' title='bbox 622 3748 694 3784; x_wconf 88' lang='lat' dir='ltr'>anuo</span> <span class='ocrx_word' id='word_1_283' title='bbox 713 3732 825 3784; x_wconf 82' lang='lat' dir='ltr'>evoluto</span> <span class='ocrx_word' id='word_1_284' title='bbox 837 3731 950 3784; x_wconf 82' lang='lat' dir='ltr'>ueniens</span> <span class='ocrx_word' id='word_1_285' title='bbox 967 3732 1001 3784; x_wconf 92' lang='lat' dir='ltr'>ad</span> <span class='ocrx_word' id='word_1_286' title='bbox 1022 3730 1220 3784; x_wconf 87' lang='lat' dir='ltr'>monasterium</span> <span class='ocrx_word' id='word_1_287' title='bbox 1235 3736 1359 3784; x_wconf 89' lang='lat' dir='ltr'>nostrum</span> <span class='ocrx_word' id='word_1_288' title='bbox 1371 3747 1433 3784; x_wconf 88' lang='lat' dir='ltr'>cum</span> 
     </span>
     <span class='ocr_line' id='line_1_31' title="bbox 202 3827 1434 3899; baseline -0.002 -16"><span class='ocrx_word' id='word_1_289' title='bbox 202 3829 367 3899; x_wconf 88' lang='lat' dir='ltr'>quibusdam</span> <span class='ocrx_word' id='word_1_290' title='bbox 378 3829 439 3882; x_wconf 90' lang='lat' dir='ltr'>aliis</span> <span class='ocrx_word' id='word_1_291' title='bbox 450 3828 653 3882; x_wconf 85' lang='lat' dir='ltr'>uenerabilibus</span> <span class='ocrx_word' id='word_1_292' title='bbox 665 3829 730 3882; x_wconf 84' lang='lat' dir='ltr'>viris</span> <span class='ocrx_word' id='word_1_293' title='bbox 742 3829 819 3897; x_wconf 90' lang='lat' dir='ltr'>petiit</span> <span class='ocrx_word' id='word_1_294' title='bbox 831 3828 883 3881; x_wconf 91' lang='lat' dir='ltr'>sibi</span> <span class='ocrx_word' id='word_1_295' title='bbox 895 3827 1076 3882; x_wconf 88' lang='lat' dir='ltr'>demonstrari</span> <span class='ocrx_word' id='word_1_296' title='bbox 1086 3828 1228 3896; x_wconf 75' lang='lat' dir='ltr'>pradictus</span> <span class='ocrx_word' id='word_1_297' title='bbox 1240 3828 1376 3897; x_wconf 89' lang='lat' dir='ltr'>reliquias,</span> <span class='ocrx_word' id='word_1_298' title='bbox 1387 3828 1434 3896; x_wconf 90' lang='lat' dir='ltr'>qui</span> 
     </span>
     <span class='ocr_line' id='line_1_32' title="bbox 203 3927 1436 3997; baseline -0.002 -14"><span class='ocrx_word' id='word_1_299' title='bbox 203 3929 314 3983; x_wconf 84' lang='lat' dir='ltr'>adducti</span> <span class='ocrx_word' id='word_1_300' title='bbox 324 3945 374 3997; x_wconf 90' lang='lat' dir='ltr'>per</span> <span class='ocrx_word' id='word_1_301' title='bbox 382 3928 525 3982; x_wconf 89' lang='lat' dir='ltr'>dominum</span> <span class='ocrx_word' id='word_1_302' title='bbox 534 3928 661 3981; x_wconf 89' lang='lat' dir='ltr'>abbatem</span> <span class='ocrx_word' id='word_1_303' title='bbox 670 3928 705 3981; x_wconf 92' lang='lat' dir='ltr'>ad</span> <span class='ocrx_word' id='word_1_304' title='bbox 718 3927 834 3997; x_wconf 87' lang='lat' dir='ltr'>priorem</span> <span class='ocrx_word' id='word_1_305' title='bbox 848 3927 1087 3982; x_wconf 82' lang='lat' dir='ltr'>extiteruntPrior</span> <span class='ocrx_word' id='word_1_306' title='bbox 1095 3944 1160 3980; x_wconf 78' lang='lat' dir='ltr'>vero</span> <span class='ocrx_word' id='word_1_307' title='bbox 1174 3929 1323 3981; x_wconf 88' lang='lat' dir='ltr'>immensas</span> <span class='ocrx_word' id='word_1_308' title='bbox 1334 3928 1436 3996; x_wconf 88' lang='lat' dir='ltr'>gratias</span> 
     </span>
     <span class='ocr_line' id='line_1_33' title="bbox 202 4026 1433 4096; baseline 0 -15"><span class='ocrx_word' id='word_1_309' title='bbox 202 4029 231 4082; x_wconf 89' lang='lat' dir='ltr'>ei</span> <span class='ocrx_word' id='word_1_310' title='bbox 239 4028 450 4096; x_wconf 84' lang='lat' dir='ltr'>referenssuper</span> <span class='ocrx_word' id='word_1_311' title='bbox 459 4027 541 4081; x_wconf 84' lang='lat' dir='ltr'>tantis</span> <span class='ocrx_word' id='word_1_312' title='bbox 551 4033 578 4080; x_wconf 91' lang='lat' dir='ltr'>et</span> <span class='ocrx_word' id='word_1_313' title='bbox 589 4026 715 4096; x_wconf 89' lang='lat' dir='ltr'>pretiosis</span> <span class='ocrx_word' id='word_1_314' title='bbox 727 4028 866 4090; x_wconf 87' lang='lat' dir='ltr'>clenodiis,</span> <span class='ocrx_word' id='word_1_315' title='bbox 878 4028 983 4096; x_wconf 82' lang='lat' dir='ltr'>rogavit</span> <span class='ocrx_word' id='word_1_316' title='bbox 995 4027 1152 4096; x_wconf 79' lang='lat' dir='ltr'>praedictum</span> <span class='ocrx_word' id='word_1_317' title='bbox 1166 4027 1329 4080; x_wconf 90' lang='lat' dir='ltr'>canonicum</span> <span class='ocrx_word' id='word_1_318' title='bbox 1342 4042 1433 4081; x_wconf 88' lang='lat' dir='ltr'>coram</span> 
     </span>
     <span class='ocr_line' id='line_1_34' title="bbox 199 4125 1436 4196; baseline -0.002 -14"><span class='ocrx_word' id='word_1_319' title='bbox 199 4127 316 4182; x_wconf 89' lang='lat' dir='ltr'>domiuo</span> <span class='ocrx_word' id='word_1_320' title='bbox 326 4127 428 4180; x_wconf 89' lang='lat' dir='ltr'>abbate</span> <span class='ocrx_word' id='word_1_321' title='bbox 440 4132 467 4180; x_wconf 91' lang='lat' dir='ltr'>et</span> <span class='ocrx_word' id='word_1_322' title='bbox 475 4126 535 4180; x_wconf 89' lang='lat' dir='ltr'>aliis</span> <span class='ocrx_word' id='word_1_323' title='bbox 547 4127 683 4179; x_wconf 87' lang='lat' dir='ltr'>extraneis</span> <span class='ocrx_word' id='word_1_324' title='bbox 693 4125 853 4189; x_wconf 89' lang='lat' dir='ltr'>astantibus,</span> <span class='ocrx_word' id='word_1_325' title='bbox 862 4127 936 4194; x_wconf 86' lang='lat' dir='ltr'>quod</span> <span class='ocrx_word' id='word_1_326' title='bbox 945 4126 1100 4196; x_wconf 86' lang='lat' dir='ltr'>dignaretur</span> <span class='ocrx_word' id='word_1_327' title='bbox 1110 4126 1207 4190; x_wconf 89' lang='lat' dir='ltr'>dicere,</span> <span class='ocrx_word' id='word_1_328' title='bbox 1217 4127 1289 4179; x_wconf 94' lang='lat' dir='ltr'>unde</span> <span class='ocrx_word' id='word_1_329' title='bbox 1299 4126 1436 4180; x_wconf 87' lang='lat' dir='ltr'>venissent</span> 
     </span>
     <span class='ocr_line' id='line_1_35' title="bbox 198 4224 1435 4294; baseline -0.002 -13"><span class='ocrx_word' id='word_1_330' title='bbox 198 4227 227 4281; x_wconf 87' lang='lat' dir='ltr'>ei</span> <span class='ocrx_word' id='word_1_331' title='bbox 239 4226 292 4281; x_wconf 79' lang='lat' dir='ltr'>illae</span> <span class='ocrx_word' id='word_1_332' title='bbox 304 4226 433 4294; x_wconf 80' lang='lat' dir='ltr'>reliquiae,</span> <span class='ocrx_word' id='word_1_333' title='bbox 446 4230 473 4278; x_wconf 88' lang='lat' dir='ltr'>et</span> <span class='ocrx_word' id='word_1_334' title='bbox 485 4242 569 4294; x_wconf 90' lang='lat' dir='ltr'>quarn</span> <span class='ocrx_word' id='word_1_335' title='bbox 579 4224 802 4278; x_wconf 87' lang='lat' dir='ltr'>certificationem</span> <span class='ocrx_word' id='word_1_336' title='bbox 812 4224 935 4290; x_wconf 85' lang='lat' dir='ltr'>baberet,</span> <span class='ocrx_word' id='word_1_337' title='bbox 946 4225 1021 4293; x_wconf 88' lang='lat' dir='ltr'>quod</span> <span class='ocrx_word' id='word_1_338' title='bbox 1033 4230 1124 4278; x_wconf 86' lang='lat' dir='ltr'>essent</span> <span class='ocrx_word' id='word_1_339' title='bbox 1136 4225 1170 4278; x_wconf 87' lang='lat' dir='ltr'>de</span> <span class='ocrx_word' id='word_1_340' title='bbox 1181 4226 1271 4293; x_wconf 89' lang='lat' dir='ltr'>capite</span> <span class='ocrx_word' id='word_1_341' title='bbox 1281 4229 1308 4277; x_wconf 90' lang='lat' dir='ltr'>et</span> <span class='ocrx_word' id='word_1_342' title='bbox 1323 4225 1435 4279; x_wconf 89' lang='lat' dir='ltr'>cerebro</span> 
     </span>
     <span class='ocr_line' id='line_1_36' title="bbox 198 4323 1437 4392; baseline -0.003 -11"><span class='ocrx_word' id='word_1_343' title='bbox 198 4325 291 4381; x_wconf 78' lang='lat' dir='ltr'>sancti</span> <span class='ocrx_word' id='word_1_344' title='bbox 307 4324 457 4379; x_wconf 85' lang='lat' dir='ltr'>Laurentii.</span> <span class='ocrx_word' id='word_1_345' title='bbox 469 4324 622 4392; x_wconf 85' lang='lat' dir='ltr'>Respondit</span> <span class='ocrx_word' id='word_1_346' title='bbox 634 4324 679 4377; x_wconf 92' lang='lat' dir='ltr'>ille</span> <span class='ocrx_word' id='word_1_347' title='bbox 691 4344 697 4377; x_wconf 91' lang='lat'>:</span> <span class='ocrx_word' id='word_1_348' title='bbox 713 4324 788 4392; x_wconf 90' lang='lat' dir='ltr'>quod</span> <span class='ocrx_word' id='word_1_349' title='bbox 801 4340 863 4376; x_wconf 88' lang='lat' dir='ltr'>curn</span> <span class='ocrx_word' id='word_1_350' title='bbox 882 4329 937 4376; x_wconf 88' lang='lat' dir='ltr'>tres</span> <span class='ocrx_word' id='word_1_351' title='bbox 949 4323 1062 4388; x_wconf 89' lang='lat' dir='ltr'>domini,</span> <span class='ocrx_word' id='word_1_352' title='bbox 1073 4324 1178 4378; x_wconf 86' lang='lat' dir='ltr'>scilicet</span> <span class='ocrx_word' id='word_1_353' title='bbox 1190 4324 1244 4377; x_wconf 85' lang='lat' dir='ltr'>dux</span> <span class='ocrx_word' id='word_1_354' title='bbox 1258 4324 1397 4378; x_wconf 82' lang='lat' dir='ltr'>Cleuensis</span> <span class='ocrx_word' id='word_1_355' title='bbox 1408 4330 1437 4378; x_wconf 86' lang='lat' dir='ltr'>et</span> 
     </span>
     <span class='ocr_line' id='line_1_37' title="bbox 198 4423 1436 4492; baseline -0.002 -11"><span class='ocrx_word' id='word_1_356' title='bbox 198 4442 297 4481; x_wconf 85' lang='lat' dir='ltr'>comes</span> <span class='ocrx_word' id='word_1_357' title='bbox 305 4423 456 4479; x_wconf 85' lang='lat' dir='ltr'>llornensis</span> <span class='ocrx_word' id='word_1_358' title='bbox 469 4431 497 4477; x_wconf 91' lang='lat' dir='ltr'>et</span> <span class='ocrx_word' id='word_1_359' title='bbox 509 4425 637 4477; x_wconf 86' lang='lat' dir='ltr'>dominus</span> <span class='ocrx_word' id='word_1_360' title='bbox 650 4425 684 4477; x_wconf 87' lang='lat' dir='ltr'>de</span> <span class='ocrx_word' id='word_1_361' title='bbox 696 4423 888 4477; x_wconf 87' lang='lat' dir='ltr'>Bademburch</span> <span class='ocrx_word' id='word_1_362' title='bbox 901 4423 1003 4492; x_wconf 90' lang='lat' dir='ltr'>pariter</span> <span class='ocrx_word' id='word_1_363' title='bbox 1015 4424 1199 4492; x_wconf 84' lang='lat' dir='ltr'>perrexissent</span> <span class='ocrx_word' id='word_1_364' title='bbox 1209 4424 1244 4476; x_wconf 88' lang='lat' dir='ltr'>ad</span> <span class='ocrx_word' id='word_1_365' title='bbox 1253 4423 1366 4477; x_wconf 83' lang='lat' dir='ltr'>Terram</span> <span class='ocrx_word' id='word_1_366' title='bbox 1375 4440 1436 4478; x_wconf 90' lang='lat' dir='ltr'>san·</span> 
     </span>
     <span class='ocr_line' id='line_1_38' title="bbox 199 4522 1437 4591; baseline -0.001 -13"><span class='ocrx_word' id='word_1_367' title='bbox 199 4529 285 4588; x_wconf 86' lang='lat' dir='ltr'>ctam,</span> <span class='ocrx_word' id='word_1_368' title='bbox 296 4528 362 4577; x_wconf 92' lang='lat' dir='ltr'>tunc</span> <span class='ocrx_word' id='word_1_369' title='bbox 371 4524 427 4576; x_wconf 86' lang='lat' dir='ltr'>dux</span> <span class='ocrx_word' id='word_1_370' title='bbox 437 4522 577 4576; x_wconf 85' lang='lat' dir='ltr'>Clevensis</span> <span class='ocrx_word' id='word_1_371' title='bbox 588 4538 682 4576; x_wconf 86' lang='lat' dir='ltr'>secum</span> <span class='ocrx_word' id='word_1_372' title='bbox 692 4538 738 4576; x_wconf 87' lang='lat' dir='ltr'>eas</span> <span class='ocrx_word' id='word_1_373' title='bbox 748 4523 912 4590; x_wconf 86' lang='lat' dir='ltr'>apportavit,</span> <span class='ocrx_word' id='word_1_374' title='bbox 925 4527 952 4575; x_wconf 87' lang='lat' dir='ltr'>et</span> <span class='ocrx_word' id='word_1_375' title='bbox 963 4522 1002 4575; x_wconf 90' lang='lat' dir='ltr'>sic</span> <span class='ocrx_word' id='word_1_376' title='bbox 1011 4539 1059 4591; x_wconf 92' lang='lat' dir='ltr'>per</span> <span class='ocrx_word' id='word_1_377' title='bbox 1068 4524 1237 4576; x_wconf 82' lang='lat' dir='ltr'>successivas</span> <span class='ocrx_word' id='word_1_378' title='bbox 1248 4523 1437 4591; x_wconf 88' lang='lat' dir='ltr'>generationes</span> 
     </span>
     <span class='ocr_line' id='line_1_39' title="bbox 196 4621 1437 4696; baseline -0.002 -18"><span class='ocrx_word' id='word_1_379' title='bbox 196 4628 387 4696; x_wconf 84' lang='lat' dir='ltr'>pervenerunt</span> <span class='ocrx_word' id='word_1_380' title='bbox 399 4623 433 4676; x_wconf 89' lang='lat' dir='ltr'>ad</span> <span class='ocrx_word' id='word_1_381' title='bbox 445 4639 546 4676; x_wconf 90' lang='lat' dir='ltr'>manus</span> <span class='ocrx_word' id='word_1_382' title='bbox 558 4623 681 4690; x_wconf 86' lang='lat' dir='ltr'>ejusdem</span> <span class='ocrx_word' id='word_1_383' title='bbox 700 4621 866 4675; x_wconf 85' lang='lat' dir='ltr'>venerabilis</span> <span class='ocrx_word' id='word_1_384' title='bbox 878 4622 937 4684; x_wconf 89' lang='lat' dir='ltr'>viri,</span> <span class='ocrx_word' id='word_1_385' title='bbox 949 4623 996 4691; x_wconf 92' lang='lat' dir='ltr'>qui</span> <span class='ocrx_word' id='word_1_386' title='bbox 1008 4622 1177 4676; x_wconf 90' lang='lat' dir='ltr'>monasterio</span> <span class='ocrx_word' id='word_1_387' title='bbox 1189 4628 1283 4677; x_wconf 92' lang='lat' dir='ltr'>nostro</span> <span class='ocrx_word' id='word_1_388' title='bbox 1296 4639 1343 4676; x_wconf 90' lang='lat' dir='ltr'>eas</span> <span class='ocrx_word' id='word_1_389' title='bbox 1354 4623 1437 4688; x_wconf 88' lang='lat' dir='ltr'>dedit,</span> 
     </span>
     <span class='ocr_line' id='line_1_40' title="bbox 196 4721 1437 4795; baseline -0.002 -17"><span class='ocrx_word' id='word_1_390' title='bbox 196 4740 250 4795; x_wconf 84' lang='lat' dir='ltr'>per</span> <span class='ocrx_word' id='word_1_391' title='bbox 262 4722 357 4777; x_wconf 87' lang='lat' dir='ltr'>omnia</span> <span class='ocrx_word' id='word_1_392' title='bbox 368 4722 530 4777; x_wconf 87' lang='lat' dir='ltr'>benedictus</span> <span class='ocrx_word' id='word_1_393' title='bbox 541 4723 622 4775; x_wconf 88' lang='lat' dir='ltr'>Deus.</span> <span class='ocrx_word' id='word_1_394' title='bbox 640 4721 717 4775; x_wconf 85' lang='lat' dir='ltr'>Dixit</span> <span class='ocrx_word' id='word_1_395' title='bbox 729 4723 822 4785; x_wconf 89' lang='lat' dir='ltr'>etiam,</span> <span class='ocrx_word' id='word_1_396' title='bbox 834 4721 932 4790; x_wconf 84' lang='lat' dir='ltr'>quodsi</span> <span class='ocrx_word' id='word_1_397' title='bbox 951 4721 1084 4775; x_wconf 86' lang='lat' dir='ltr'>vellemus</span> <span class='ocrx_word' id='word_1_398' title='bbox 1096 4737 1143 4774; x_wconf 88' lang='lat' dir='ltr'>eas</span> <span class='ocrx_word' id='word_1_399' title='bbox 1160 4738 1262 4790; x_wconf 91' lang='lat' dir='ltr'>ponere</span> <span class='ocrx_word' id='word_1_400' title='bbox 1274 4722 1302 4776; x_wconf 92' lang='lat' dir='ltr'>in</span> <span class='ocrx_word' id='word_1_401' title='bbox 1315 4728 1437 4792; x_wconf 81' lang='lat' dir='ltr'>argento,</span> 
     </span>
    </p>
   </div>
   <div class='ocr_carea' id='block_1_7' title="bbox 0 0 1640 5400">
    <p class='ocr_par' dir='ltr' id='par_1_9' title="bbox 0 0 1640 5400">
     <span class='ocr_line' id='line_1_41' title="bbox 0 0 1640 5400; baseline 0 0"><span class='ocrx_word' id='word_1_402' title='bbox 0 0 1640 5400; x_wconf 95' lang='lat' dir='ltr'> </span> 
     </span>
    </p>
   </div>
  </div>
 </body>
</html>
