3270 5400
265 393 357 444 aran.
375 390 454 440 uro.
474 387 645 439 sauram..
665 409 712 418 —
730 386 877 438 arrnuu.
895 386 941 437 ao
959 386 1038 439 coo.
1057 376 1095 436 u⁰
1111 382 1186 436 atro.
1294 367 1335 437 ll

112 600 182 651 quos
195 583 250 637 rini
263 584 366 636 mentio
379 582 454 635 nulla
463 581 521 634 luit.
532 580 603 646 Quid
613 579 646 631 de
660 577 756 631 ceteris
770 576 879 641 divitiis,
888 592 956 630 auro
968 576 1095 630 videlicet
1107 580 1135 629 et
1152 578 1271 643 argento,
1283 574 1339 643 pal·

112 678 155 731 liis
171 683 198 732 et
210 679 344 748 lapidibus
355 677 482 747 pretiosis
499 682 525 730 et
542 675 674 729 conchis?
693 675 756 727 Haec
774 673 884 743 quidem
903 678 931 727 et
947 672 1001 726 alia
1017 688 1197 742 quacumque
1213 672 1265 726 suh
1281 673 1339 725 sole

112 779 260 839 nascentia,
273 778 404 831 Balduine
417 776 549 845 princepe,
561 772 764 843 promptissime
776 773 825 826 tibi
838 773 969 835 seruntur,
981 788 1154 841 quacumque
1166 776 1243 840 parte
1255 775 1339 825 terra·

111 889 173 926 rum
184 880 211 926 et
221 875 305 926 maris
315 873 363 926 tibi
376 873 506 933 delluunt,
514 877 541 925 et
553 872 673 924 delluant
682 870 789 923 utinam
800 868 881 937 longo
893 874 1016 937 ternpore
1024 874 1051 922 et
1058 868 1185 932 ferantur,
1195 869 1260 922 dum
1272 868 1340 921 nulli

77 982 93 1029 tt
111 972 270 1024 mortalium
281 971 366 1040 possit
378 970 468 1023 afferri
479 976 505 1022 te
515 969 612 1022 melius
625 968 780 1036 dispergere
791 971 818 1019 et
827 966 965 1035 possidere
977 966 1079 1020 scienti.
1088 967 1225 1035 Propter...

145 1071 225 1123 Num.
244 1075 284 1135 40,
301 1078 359 1137 post
378 1070 541 1122 destructam
562 1069 618 1120 :Et
635 1066 709 1120 beati
729 1065 855 1134 Remigii,
871 1066 918 1133 qui
936 1082 1025 1119 nonus
1042 1070 1137 1119 sancto
1149 1064 1340 1119 Donatianoin

110 1169 345 1237 archiepiscopatu
367 1168 505 1232 successit,
528 1167 701 1234 aliorumque
725 1171 881 1218 sanctorum
905 1164 1085 1233 plurimorum
1107 1164 1206 1233 partim
1230 1168 1341 1233 propter

111 1267 288 1319 ecclesiarum
300 1265 490 1326 vastationem,
500 1269 610 1333 propter
621 1264 675 1316 hoo
688 1263 762 1331 quod
774 1262 834 1315 laici
847 1262 1048 1331 episcopatibus
1059 1261 1247 1331 praesidebant,
1256 1277 1338 1331 quam

110 1365 228 1433 plurima
249 1365 384 1432 deperisse
405 1363 600 1417 miraculorum
622 1364 730 1430 scripta.
751 1362 811 1428 Quo
832 1361 916 1414 etiam
937 1360 1082 1429 contigisse
1102 1360 1277 1414 manifestum
1298 1365 1340 1414 est

61 1473 93 1521 to
112 1467 142 1513 ut
160 1462 231 1529 apud
250 1467 373 1529 posteros
392 1462 425 1513 de
444 1460 556 1514 nornine
575 1460 647 1513 beati
665 1459 783 1527 Remigii
800 1458 954 1511 dubitatum
967 1458 1010 1521 sit,
1027 1462 1119 1511 utrum
1137 1457 1286 1511 Remedius
1303 1474 1339 1511 au

110 1559 252 1628 Remigius
267 1560 430 1613 vocaretur?
447 1559 501 1612 Nec
512 1563 524 1587 ”
540 1576 603 1611 vero
617 1559 650 1611 de
663 1558 784 1625 ejusdem
795 1557 882 1610 sancti
899 1557 950 1610 riri
961 1557 1073 1610 nornine
1084 1556 1164 1609 nobis
1176 1556 1340 1625 ambiguitas

112 1665 184 1711 esset
196 1664 329 1727 exempta,
339 1659 391 1711 nisi
403 1659 431 1710 in
443 1659 563 1726 quodam
576 1657 659 1710 calice
672 1658 706 1710 ah
725 1674 758 1709 eo
771 1662 938 1720 consecrato,
950 1672 998 1725 per
1014 1656 1067 1709 hos
1083 1672 1179 1709 sersus
1194 1673 1265 1724 quos
1282 1657 1339 1725 ipse

112 1764 312 1826 composuerat,
324 1759 365 1811 sui
379 1757 498 1811 nominis
508 1762 610 1810 certam
623 1756 702 1809 nobis
713 1755 866 1823 reliquisset
877 1756 1020 1809 notitiam:

376 1857 491 1910 Hauriat
503 1857 566 1909 hinc
576 1856 694 1925 populus
706 1855 790 1908 vitam
802 1855 835 1907 de
845 1855 975 1923 sanguine
983 1871 1069 1919 sacro,

62 1967 93 2013 45
332 1996 336 2001 .
374 1956 478 2008 lnllicto
491 1961 609 2008 aeternus
621 1970 704 2022 quem
716 1953 786 2006 ludit
798 1953 911 2006 vulnere
923 1953 1054 2007 Christus.

374 2055 515 2123 Remigius
526 2054 613 2107 reddit
627 2054 744 2107 Domino
757 2069 806 2106 sua
820 2057 884 2106 rota
895 2054 1030 2107 sacerdos.

144 2154 259 2207 Sanctus
271 2171 382 2221 quoque
391 2155 405 2207 l
407 2171 510 2207 oannes
520 2154 732 2221 chrysostomus
742 2169 774 2206 ex
784 2152 950 2221 propheticis
959 2153 1136 2207 monimentis
1144 2153 1231 2207 multa
1239 2153 1341 2222 perisse

112 2258 319 2305 commemorat.
331 2254 383 2305 Sed
396 2258 423 2306 et
439 2253 526 2306 multa
538 2253 592 2306 alia
606 2252 706 2319 scripta
718 2252 877 2305 authentica
889 2252 916 2305 in
929 2252 1074 2321 Scripturis
1086 2268 1136 2306 nos
1148 2252 1263 2321 legimus
1274 2253 1340 2307 ami-

112 2352 178 2404 sisse
192 2371 197 2404 :
210 2356 241 2404 ut
258 2357 298 2405 cst
316 2351 397 2404 Liber
413 2353 562 2409 Justorum,
575 2352 608 2405 de
626 2368 680 2420 quo
700 2351 727 2403 in
739 2350 817 2404 libris
834 2350 939 2420 Regum
952 2350 1056 2419 legitur,
1068 2357 1096 2405 et
1107 2351 1190 2405 Liber
1201 2351 1339 2406 Bellorum

61 2457 93 2506 20
111 2450 230 2511 Domini,
243 2451 319 2517 cujus
333 2451 359 2502 in
372 2450 441 2503 libro
460 2450 572 2504 Numeri
590 2449 692 2503 mentio
706 2455 760 2511 est,
773 2450 901 2503 Carmina
913 2466 1021 2518 quoque
1039 2450 1194 2504 Salomonis
1205 2456 1233 2504 et
1250 2452 1340 2520 dispu-

112 2550 230 2602 tationes
242 2550 301 2615 ejus
318 2550 533 2617 sapientissimas
549 2551 583 2602 de
600 2550 736 2618 lignorum
749 2553 847 2602 natura
859 2549 1063 2618 herbarumque
1075 2549 1207 2614 omnium,
1219 2550 1339 2618 itemque

108 2648 306 2715 jumentorum,
316 2649 468 2711 rolucrurn,
481 2648 617 2715 reptilium
630 2654 657 2701 et
666 2649 780 2716 piscium
794 2653 821 2701 et
835 2652 924 2700 cetera
940 2649 1142 2717 quamplurima
1157 2649 1264 2719 scripta,
1276 2667 1338 2719 quae

111 2748 139 2800 in
151 2747 204 2799 lroc
218 2747 292 2799 brevi
303 2763 385 2815 opere
397 2763 614 2800 commemorare
626 2745 737 2815 longum
750 2751 798 2799 est.
809 2746 882 2800 lnter
890 2751 1019 2801 ceteras...

357 3063 426 3105 rrssr
449 3063 486 3105 nn
508 3063 618 3106 souma
641 3042 717 3124 (Cir.
740 3062 848 3124 supra,
870 3064 941 3125 pag.
962 3045 991 3122 5,
1014 3045 1091 3127 300.)

57 3263 90 3312 25
142 3256 203 3306 Post
217 3257 325 3307 certum
338 3256 474 3308 elucidare
487 3256 523 3323 (p.
536 3262 593 3323 501,
606 3276 678 3312 arura.
691 3264 733 3325 53)
742 3266 834 3330 pergit
845 3266 946 3315 codex:

143 3354 276 3422 Suscipiat
301 3354 388 3422 igitur,
407 3356 580 3417 serenissime
606 3363 689 3426 pater,
707 3362 900 3414 munusculum
925 3364 1048 3414 nostrum
1069 3359 1218 3428 paternitas
1238 3364 1336 3423 restra,

109 3452 246 3520 perlegere
276 3453 341 3506 illud
362 3471 417 3506 non
438 3455 541 3508 abnuat
564 3457 662 3509 caritas
685 3465 783 3525 restra,
807 3460 968 3513 confirmare
992 3459 1124 3527 dignetur,
1146 3475 1247 3526 quaeso,
1271 3459 1336 3513 illud

110 3568 193 3604 verax
212 3552 398 3605 testimonium
412 3558 541 3606 rostrum.
564 3556 625 3623 Ipse
637 3562 730 3609 autern
748 3559 884 3611 mellifluus
902 3558 1010 3626 pietatis
1028 3561 1105 3625 pater
1122 3558 1156 3610 de
1173 3573 1228 3625 quo
1244 3557 1336 3610 scribi·

109 3666 179 3713 mus,
197 3651 320 3718 gloriosis
339 3652 579 3705 intercessiunilnrs
596 3655 652 3706 suis
669 3672 718 3707 ros
731 3672 786 3708 non
798 3657 905 3710 desinat
923 3661 1071 3725 protegere,
1082 3656 1210 3722 quatinus
1222 3657 1251 3709 in
1263 3656 1335 3709 bono

58 3755 90 3803 30
110 3750 249 3818 proposito
262 3751 376 3803 valeatis
389 3769 570 3819 perseverare,
583 3756 783 3821 perseverando
796 3756 935 3823 proficere,
948 3755 1115 3824 proficiendo
1131 3754 1176 3807 illa
1187 3754 1337 3822 promereri

108 3848 215 3915 gaudia,
228 3849 328 3916 quibus
341 3850 429 3902 ornnis
439 3850 534 3902 murali
544 3851 629 3918 gloria
640 3869 701 3904 cunr
715 3854 813 3905 decore
824 3870 875 3906 suo
887 3858 915 3905 et
928 3858 1025 3906 ornatu
1036 3856 1193 3920 comparata
1205 3856 1246 3904 est
1257 3852 1335 3919 quasi

109 3963 194 3999 arena
212 3948 313 3999 inutilis
326 3953 352 4000 et
370 3949 474 4016 exigua.
488 3950 539 4001 Pro
558 3968 601 4002 mc
614 3968 732 4020 quoque,
751 3952 924 4005 dilectissime
936 3957 1019 4020 pater,
1031 3967 1177 4028 supernam
1195 3967 1229 4004 ne
1241 3951 1336 4019 fatige-

109 4046 176 4098 mini
196 4063 309 4098 exorare
329 4046 552 4109 inisericordiam,
573 4050 702 4116 quatinus
722 4067 767 4103 rue
787 4050 872 4104 virtus
892 4050 965 4103 alma
984 4054 1114 4118 protegat,
1135 4049 1241 4117 operari
1261 4050 1335 4117 quod

108 4145 211 4197 bonum
225 4152 266 4198 est
282 4146 392 4207 tribuat,
408 4153 502 4199 contra
521 4148 634 4201 hostiles
652 4150 815 4203 tentationes
834 4149 962 4203 defendat
974 4154 1000 4202 et
1012 4149 1039 4202 in
1051 4154 1181 4218 perpetua
1193 4148 1293 4202 mentis
1304 4166 1336 4203 ac

107 4341 256 4408 possibilia,
270 4343 315 4410 qui
329 4344 372 4410 pia
386 4359 441 4394 non
453 4345 554 4411 respuit
567 4350 638 4407 rota,
651 4362 700 4397 ros
713 4362 808 4398 sanum
822 4361 853 4397 ac
865 4345 971 4398 salrurn
985 4345 1128 4405 custodiat,
1140 4345 1213 4398 dono
1222 4345 1336 4414 Spiritus

106 4439 149 4492 sui
171 4439 246 4497 ditet,
268 4441 302 4493 ad
323 4458 440 4508 superna
458 4459 505 4493 cor·
523 4448 643 4495 restrum
662 4444 766 4511 dirigat,
784 4460 936 4511 sanumque
954 4459 1003 4496 vos
1020 4448 1048 4496 et
1069 4443 1242 4505 incolumem,
1262 4443 1336 4512 quod

107 4539 212 4591 cunctis
230 4541 325 4593 mundi
344 4541 458 4607 praloro
476 4541 586 4605 divitiis,
604 4543 663 4608 ejus
681 4543 768 4610 pietas
789 4542 893 4596 infinita
911 4542 979 4595 mihi
999 4542 1090 4595 ridere
1109 4542 1238 4596 conterat.
1251 4541 1337 4595 Nullis

107 4638 180 4691 enirn
195 4636 330 4693 debilitari
352 4644 446 4707 potero
465 4641 593 4703 aduersis,
607 4642 671 4693 dum
691 4659 740 4694 ros
758 4642 842 4694 sciam
862 4641 914 4696 frui
928 4641 1074 4695 commodo
1086 4640 1232 4710 sospitatis.
1243 4640 1337 4695 Valete

55 4737 88 4790 tu
108 4735 136 4789 iu
150 4735 277 4789 Domino.
