<?xml version="1.0" encoding="UTF-8"?>
<!DOCTYPE html PUBLIC "-//W3C//DTD XHTML 1.0 Transitional//EN"
    "http://www.w3.org/TR/xhtml1/DTD/xhtml1-transitional.dtd">
<html xmlns="http://www.w3.org/1999/xhtml" xml:lang="en" lang="en">
 <head>
  <title>
</title>
<meta http-equiv="Content-Type" content="text/html;charset=utf-8" />
  <meta name='ocr-system' content='tesseract 3.04.00' />
  <meta name='ocr-capabilities' content='ocr_page ocr_carea ocr_par ocr_line ocrx_word'/>
</head>
<body>
  <div class='ocr_page' id='page_1' title='image "./cataloguscodicu00belggoog_0184.png"; bbox 0 0 3270 5400; ppageno 0'>
   <div class='ocr_carea' id='block_1_1' title="bbox 282 334 1365 407">
    <p class='ocr_par' dir='ltr' id='par_1_1' title="bbox 282 334 1365 407">
     <span class='ocr_line' id='line_1_1' title="bbox 282 334 1365 407; baseline 0.001 -3"><span class='ocrx_word' id='word_1_1' title='bbox 282 352 374 405; x_wconf 78' lang='lat' dir='ltr'><strong>eran.</strong></span> <span class='ocrx_word' id='word_1_2' title='bbox 393 352 475 405; x_wconf 83' lang='lat' dir='ltr'><strong>aso.</strong></span> <span class='ocrx_word' id='word_1_3' title='bbox 494 351 666 405; x_wconf 82' lang='lat' dir='ltr'><strong>aauxrm.</strong></span> <span class='ocrx_word' id='word_1_4' title='bbox 685 374 732 383; x_wconf 95' lang='lat'>—</span> <span class='ocrx_word' id='word_1_5' title='bbox 751 351 900 406; x_wconf 78' lang='lat' dir='ltr'><strong>aerem.</strong></span> <span class='ocrx_word' id='word_1_6' title='bbox 918 352 965 405; x_wconf 84' lang='grc'><strong>11)</strong></span> <span class='ocrx_word' id='word_1_7' title='bbox 983 354 1063 405; x_wconf 89' lang='lat' dir='ltr'><strong>con.</strong></span> <span class='ocrx_word' id='word_1_8' title='bbox 1080 340 1118 405; x_wconf 82' lang='grc' dir='ltr'><strong>11ο</strong></span> <span class='ocrx_word' id='word_1_9' title='bbox 1135 354 1210 407; x_wconf 81' lang='lat' dir='ltr'><strong>ron.</strong></span> <span class='ocrx_word' id='word_1_10' title='bbox 1297 334 1365 405; x_wconf 77' lang='grc'><strong>1115</strong></span> 
     </span>
    </p>
   </div>
   <div class='ocr_carea' id='block_1_2' title="bbox 71 540 1366 1987">
    <p class='ocr_par' dir='ltr' id='par_1_2' title="bbox 71 540 1366 1987">
     <span class='ocr_line' id='line_1_2' title="bbox 125 540 1365 612; baseline 0 -17"><span class='ocrx_word' id='word_1_11' title='bbox 125 542 243 597; x_wconf 78' lang='lat' dir='ltr'><strong>alternis</strong></span> <span class='ocrx_word' id='word_1_12' title='bbox 254 559 363 612; x_wconf 82' lang='lat' dir='ltr'>semper</span> <span class='ocrx_word' id='word_1_13' title='bbox 374 542 519 611; x_wconf 86' lang='lat' dir='ltr'>colloquiis</span> <span class='ocrx_word' id='word_1_14' title='bbox 530 546 559 595; x_wconf 91' lang='lat' dir='ltr'><strong>et</strong></span> <span class='ocrx_word' id='word_1_15' title='bbox 569 540 676 595; x_wconf 88' lang='lat' dir='ltr'><strong>solatiis</strong></span> <span class='ocrx_word' id='word_1_16' title='bbox 688 542 831 610; x_wconf 83' lang='lat' dir='ltr'>oportunis</span> <span class='ocrx_word' id='word_1_17' title='bbox 843 542 977 595; x_wconf 79' lang='lat' dir='ltr'><strong>fruuntur.</strong></span> <span class='ocrx_word' id='word_1_18' title='bbox 988 543 1130 612; x_wconf 84' lang='lat' dir='ltr'><strong>Sceptrum</strong></span> <span class='ocrx_word' id='word_1_19' title='bbox 1149 542 1257 611; x_wconf 91' lang='lat' dir='ltr'><strong>imperii</strong></span> <span class='ocrx_word' id='word_1_20' title='bbox 1269 544 1365 597; x_wconf 87' lang='lat' dir='ltr'><strong>ombo-</strong></span> 
     </span>
     <span class='ocr_line' id='line_1_3' title="bbox 124 638 1074 709; baseline 0.003 -18"><span class='ocrx_word' id='word_1_21' title='bbox 124 654 189 691; x_wconf 88' lang='lat' dir='ltr'><strong>rum</strong></span> <span class='ocrx_word' id='word_1_22' title='bbox 200 640 316 693; x_wconf 85' lang='lat' dir='ltr'><strong>maturis</strong></span> <span class='ocrx_word' id='word_1_23' title='bbox 327 639 450 693; x_wconf 87' lang='lat' dir='ltr'><strong>consiliis</strong></span> <span class='ocrx_word' id='word_1_24' title='bbox 458 638 574 693; x_wconf 75' lang='lat' dir='ltr'><strong>feliciter</strong></span> <span class='ocrx_word' id='word_1_25' title='bbox 583 639 737 708; x_wconf 82' lang='lat' dir='ltr'><strong>disponitur</strong></span> <span class='ocrx_word' id='word_1_26' title='bbox 749 645 774 693; x_wconf 93' lang='lat' dir='ltr'><strong>et</strong></span> <span class='ocrx_word' id='word_1_27' title='bbox 785 639 930 694; x_wconf 81' lang='lat' dir='ltr'><strong>salubriter</strong></span> <span class='ocrx_word' id='word_1_28' title='bbox 941 640 1074 709; x_wconf 79' lang='lat' dir='ltr'><strong>dirigitur.</strong></span> 
     </span>
     <span class='ocr_line' id='line_1_4' title="bbox 169 736 1362 807; baseline -0.003 -13"><span class='ocrx_word' id='word_1_29' title='bbox 169 736 204 794; x_wconf 71' lang='lat'><strong>5.</strong></span> <span class='ocrx_word' id='word_1_30' title='bbox 217 737 341 791; x_wconf 85' lang='lat' dir='ltr'><strong>&#39;landem</strong></span> <span class='ocrx_word' id='word_1_31' title='bbox 349 736 841 807; x_wconf 70' lang='lat' dir='ltr'><strong>Gustuspaterejm,crepitintirmari</strong></span> <span class='ocrx_word' id='word_1_32' title='bbox 849 743 877 790; x_wconf 89' lang='lat' dir='ltr'><strong>et</strong></span> <span class='ocrx_word' id='word_1_33' title='bbox 885 736 1033 805; x_wconf 81' lang='lat' dir='ltr'><strong>imaginem</strong></span> <span class='ocrx_word' id='word_1_34' title='bbox 1042 736 1116 790; x_wconf 89' lang='lat' dir='ltr'><strong>illam</strong></span> <span class='ocrx_word' id='word_1_35' title='bbox 1125 754 1237 791; x_wconf 87' lang='lat' dir='ltr'><strong>auream</strong></span> <span class='ocrx_word' id='word_1_36' title='bbox 1246 737 1362 791; x_wconf 86' lang='lat' dir='ltr'><strong>etlilium</strong></span> 
     </span>
     <span class='ocr_line' id='line_1_5' title="bbox 124 833 1365 902; baseline -0.002 -11"><span class='ocrx_word' id='word_1_37' title='bbox 124 852 207 891; x_wconf 85' lang='lat' dir='ltr'><strong>suam</strong></span> <span class='ocrx_word' id='word_1_38' title='bbox 219 833 401 889; x_wconf 84' lang='lat' dir='ltr'><strong>Katherinam</strong></span> <span class='ocrx_word' id='word_1_39' title='bbox 414 849 507 886; x_wconf 86' lang='lat' dir='ltr'><strong>coram</strong></span> <span class='ocrx_word' id='word_1_40' title='bbox 517 850 547 887; x_wconf 83' lang='lat' dir='ltr'><strong>se</strong></span> <span class='ocrx_word' id='word_1_41' title='bbox 559 833 624 887; x_wconf 85' lang='lat' dir='ltr'><strong>fecit</strong></span> <span class='ocrx_word' id='word_1_42' title='bbox 633 834 726 889; x_wconf 90' lang='lat' dir='ltr'><strong>locari.</strong></span> <span class='ocrx_word' id='word_1_43' title='bbox 735 834 813 889; x_wconf 87' lang='lat' dir='ltr'><strong>‘lunc</strong></span> <span class='ocrx_word' id='word_1_44' title='bbox 823 839 902 902; x_wconf 91' lang='lat' dir='ltr'><strong>pater</strong></span> <span class='ocrx_word' id='word_1_45' title='bbox 913 835 949 887; x_wconf 91' lang='lat' dir='ltr'><strong>ad</strong></span> <span class='ocrx_word' id='word_1_46' title='bbox 958 834 1043 888; x_wconf 85' lang='lat' dir='ltr'><strong>tiliam</strong></span> <span class='ocrx_word' id='word_1_47' title='bbox 1056 835 1140 888; x_wconf 86' lang='lat' dir='ltr'><strong>dixit:</strong></span> <span class='ocrx_word' id='word_1_48' title='bbox 1153 837 1365 889; x_wconf 79' lang='lat' dir='ltr'><strong>Dieaolnttoncm</strong></span> 
     </span>
     <span class='ocr_line' id='line_1_6' title="bbox 87 932 1366 1003; baseline -0.002 -16"><span class='ocrx_word' id='word_1_49' title='bbox 87 949 105 997; x_wconf 69' lang='lat' dir='ltr'><strong>n</strong></span> <span class='ocrx_word' id='word_1_50' title='bbox 123 936 251 1003; x_wconf 80' lang='lat' dir='ltr'><strong>corporis</strong></span> <span class='ocrx_word' id='word_1_51' title='bbox 263 934 317 985; x_wconf 85' lang='lat' dir='ltr'><strong>mei</strong></span> <span class='ocrx_word' id='word_1_52' title='bbox 329 933 470 984; x_wconf 85' lang='lat' dir='ltr'><strong>imminere</strong></span> <span class='ocrx_word' id='word_1_53' title='bbox 482 932 565 995; x_wconf 81' lang='lat' dir='ltr'><strong>rideo,</strong></span> <span class='ocrx_word' id='word_1_54' title='bbox 577 938 600 983; x_wconf 88' lang='lat' dir='ltr'><strong>ct</strong></span> <span class='ocrx_word' id='word_1_55' title='bbox 612 933 792 997; x_wconf 77' lang='lat' dir='ltr'><strong>perforarent</strong></span> <span class='ocrx_word' id='word_1_56' title='bbox 806 934 899 997; x_wconf 72' lang='lat' dir='ltr'><strong>magni</strong></span> <span class='ocrx_word' id='word_1_57' title='bbox 910 932 963 984; x_wconf 81' lang='lat' dir='ltr'><strong>Dei</strong></span> <span class='ocrx_word' id='word_1_58' title='bbox 973 934 1054 997; x_wconf 81' lang='lat' dir='ltr'><strong>cujac</strong></span> <span class='ocrx_word' id='word_1_59' title='bbox 1066 934 1121 985; x_wconf 76' lang='lat' dir='ltr'><strong>hac</strong></span> <span class='ocrx_word' id='word_1_60' title='bbox 1132 940 1170 984; x_wconf 84' lang='lat' dir='ltr'><strong>cat</strong></span> <span class='ocrx_word' id='word_1_61' title='bbox 1183 935 1280 999; x_wconf 76' lang='lat' dir='ltr'><strong>imago,</strong></span> <span class='ocrx_word' id='word_1_62' title='bbox 1297 934 1366 985; x_wconf 81' lang='lat' dir='ltr'><strong>milri</strong></span> 
     </span>
     <span class='ocr_line' id='line_1_7' title="bbox 124 1030 1366 1099; baseline -0.003 -12"><span class='ocrx_word' id='word_1_63' title='bbox 124 1035 194 1087; x_wconf 76' lang='lat' dir='ltr'><strong>duta</strong></span> <span class='ocrx_word' id='word_1_64' title='bbox 210 1049 246 1086; x_wconf 81' lang='lat' dir='ltr'><strong>ec.</strong></span> <span class='ocrx_word' id='word_1_65' title='bbox 265 1032 397 1099; x_wconf 76' lang='lat' dir='ltr'><strong>Praecipio</strong></span> <span class='ocrx_word' id='word_1_66' title='bbox 413 1030 464 1083; x_wconf 84' lang='lat' dir='ltr'><strong>tibi</strong></span> <span class='ocrx_word' id='word_1_67' title='bbox 481 1030 531 1083; x_wconf 80' lang='lat' dir='ltr'><strong>end</strong></span> <span class='ocrx_word' id='word_1_68' title='bbox 541 1037 655 1097; x_wconf 74' lang='lat' dir='ltr'><strong>poterim</strong></span> <span class='ocrx_word' id='word_1_69' title='bbox 668 1032 796 1083; x_wconf 80' lang='lat' dir='ltr'><strong>mandato</strong></span> <span class='ocrx_word' id='word_1_70' title='bbox 809 1038 837 1083; x_wconf 86' lang='lat' dir='ltr'><strong>ut</strong></span> <span class='ocrx_word' id='word_1_71' title='bbox 848 1031 955 1083; x_wconf 85' lang='lat' dir='ltr'><strong>nullam</strong></span> <span class='ocrx_word' id='word_1_72' title='bbox 962 1038 1063 1098; x_wconf 73' lang='lat' dir='ltr'><strong>preter</strong></span> <span class='ocrx_word' id='word_1_73' title='bbox 1074 1048 1134 1083; x_wconf 78' lang='lat' dir='ltr'><strong>crim</strong></span> <span class='ocrx_word' id='word_1_74' title='bbox 1146 1032 1244 1084; x_wconf 78' lang='lat' dir='ltr'><strong>adorea</strong></span> <span class='ocrx_word' id='word_1_75' title='bbox 1256 1033 1344 1084; x_wconf 85' lang='lat' dir='ltr'><strong>Dema</strong></span> <span class='ocrx_word' id='word_1_76' title='bbox 1354 1051 1366 1097; x_wconf 92' lang='lat'><strong>,·</strong></span> 
     </span>
     <span class='ocr_line' id='line_1_8' title="bbox 123 1131 1365 1201; baseline -0.002 -16"><span class='ocrx_word' id='word_1_77' title='bbox 123 1135 177 1201; x_wconf 80' lang='lat' dir='ltr'><strong>qui</strong></span> <span class='ocrx_word' id='word_1_78' title='bbox 192 1134 252 1185; x_wconf 79' lang='lat' dir='ltr'><strong>licet</strong></span> <span class='ocrx_word' id='word_1_79' title='bbox 272 1134 301 1183; x_wconf 91' lang='lat' dir='ltr'><strong>in</strong></span> <span class='ocrx_word' id='word_1_80' title='bbox 320 1133 374 1183; x_wconf 87' lang='lat' dir='ltr'><strong>citu</strong></span> <span class='ocrx_word' id='word_1_81' title='bbox 387 1131 456 1183; x_wconf 81' lang='lat' dir='ltr'><strong>irrilri</strong></span> <span class='ocrx_word' id='word_1_82' title='bbox 465 1131 522 1195; x_wconf 72' lang='lat' dir='ltr'><strong>fuit</strong></span> <span class='ocrx_word' id='word_1_83' title='bbox 535 1132 694 1197; x_wconf 77' lang='lat' dir='ltr'><strong>incognitus,</strong></span> <span class='ocrx_word' id='word_1_84' title='bbox 705 1131 756 1182; x_wconf 82' lang='grc'><strong>1111</strong></span> <span class='ocrx_word' id='word_1_85' title='bbox 766 1138 854 1182; x_wconf 71' lang='lat' dir='ltr'><strong>nitrien</strong></span> <span class='ocrx_word' id='word_1_86' title='bbox 867 1147 949 1198; x_wconf 81' lang='lat' dir='ltr'><strong>quum</strong></span> <span class='ocrx_word' id='word_1_87' title='bbox 961 1132 1001 1182; x_wconf 82' lang='lat' dir='ltr'><strong>sic</strong></span> <span class='ocrx_word' id='word_1_88' title='bbox 1012 1132 1128 1182; x_wconf 77' lang='lat' dir='ltr'><strong>dirersis</strong></span> <span class='ocrx_word' id='word_1_89' title='bbox 1138 1132 1240 1195; x_wconf 74' lang='lat' dir='ltr'><strong>gratiis</strong></span> <span class='ocrx_word' id='word_1_90' title='bbox 1256 1132 1365 1195; x_wconf 68' lang='lat' dir='ltr'><strong>detavit,</strong></span> 
     </span>
     <span class='ocr_line' id='line_1_9' title="bbox 123 1229 1365 1295; baseline -0.002 -11"><span class='ocrx_word' id='word_1_91' title='bbox 123 1234 180 1285; x_wconf 83' lang='lat' dir='ltr'><strong>crit</strong></span> <span class='ocrx_word' id='word_1_92' title='bbox 192 1231 364 1295; x_wconf 80' lang='lat' dir='ltr'><strong>morriseetue.</strong></span> <span class='ocrx_word' id='word_1_93' title='bbox 376 1229 409 1281; x_wconf 79' lang='lat' dir='ltr'><strong>m</strong></span> <span class='ocrx_word' id='word_1_94' title='bbox 418 1246 473 1281; x_wconf 83' lang='lat' dir='ltr'><strong>ecce</strong></span> <span class='ocrx_word' id='word_1_95' title='bbox 484 1230 589 1281; x_wconf 84' lang='lat' dir='ltr'><strong>morior</strong></span> <span class='ocrx_word' id='word_1_96' title='bbox 601 1236 623 1280; x_wconf 89' lang='lat' dir='ltr'><strong>et</strong></span> <span class='ocrx_word' id='word_1_97' title='bbox 633 1230 691 1282; x_wconf 82' lang='lat' dir='ltr'><strong>ideo</strong></span> <span class='ocrx_word' id='word_1_98' title='bbox 699 1229 819 1281; x_wconf 75' lang='lat' dir='ltr'><strong>heredem</strong></span> <span class='ocrx_word' id='word_1_99' title='bbox 832 1246 866 1280; x_wconf 84' lang='lat' dir='ltr'><strong>nn</strong></span> <span class='ocrx_word' id='word_1_100' title='bbox 871 1231 1018 1281; x_wconf 76' lang='lat' dir='ltr'><strong>memorum</strong></span> <span class='ocrx_word' id='word_1_101' title='bbox 1029 1236 1053 1280; x_wconf 90' lang='lat' dir='ltr'><strong>te</strong></span> <span class='ocrx_word' id='word_1_102' title='bbox 1062 1231 1200 1292; x_wconf 79' lang='lat' dir='ltr'><strong>mirstituo,</strong></span> <span class='ocrx_word' id='word_1_103' title='bbox 1211 1236 1365 1281; x_wconf 80' lang='lat' dir='ltr'><strong>rroetrorum</strong></span> 
     </span>
     <span class='ocr_line' id='line_1_10' title="bbox 123 1328 1365 1397; baseline -0.002 -13"><span class='ocrx_word' id='word_1_104' title='bbox 123 1345 276 1397; x_wconf 76' lang='lat' dir='ltr'><strong>regnorum</strong></span> <span class='ocrx_word' id='word_1_105' title='bbox 285 1330 504 1393; x_wconf 71' lang='lat' dir='ltr'><strong>grcbernutricem</strong></span> <span class='ocrx_word' id='word_1_106' title='bbox 514 1335 539 1378; x_wconf 88' lang='lat' dir='ltr'><strong>te</strong></span> <span class='ocrx_word' id='word_1_107' title='bbox 551 1328 684 1394; x_wconf 81' lang='lat' dir='ltr'><strong>relinquo.</strong></span> <span class='ocrx_word' id='word_1_108' title='bbox 697 1328 807 1394; x_wconf 81' lang='lat' dir='ltr'><strong>Adjuro</strong></span> <span class='ocrx_word' id='word_1_109' title='bbox 818 1344 881 1393; x_wconf 75' lang='lat' dir='ltr'><strong>erpo</strong></span> <span class='ocrx_word' id='word_1_110' title='bbox 892 1336 917 1380; x_wconf 87' lang='lat' dir='ltr'><strong>tc</strong></span> <span class='ocrx_word' id='word_1_111' title='bbox 930 1335 958 1379; x_wconf 83' lang='lat' dir='ltr'><strong>ut</strong></span> <span class='ocrx_word' id='word_1_112' title='bbox 970 1329 1076 1379; x_wconf 74' lang='lat' dir='ltr'><strong>trullum</strong></span> <span class='ocrx_word' id='word_1_113' title='bbox 1089 1330 1117 1379; x_wconf 85' lang='lat' dir='ltr'><strong>in</strong></span> <span class='ocrx_word' id='word_1_114' title='bbox 1131 1330 1219 1379; x_wconf 84' lang='lat' dir='ltr'><strong>cirum</strong></span> <span class='ocrx_word' id='word_1_115' title='bbox 1237 1330 1365 1394; x_wconf 78' lang='lat' dir='ltr'><strong>accipias,</strong></span> 
     </span>
     <span class='ocr_line' id='line_1_11' title="bbox 71 1426 1364 1496; baseline -0.005 -13"><span class='ocrx_word' id='word_1_116' title='bbox 71 1444 106 1494; x_wconf 73' lang='lat' dir='ltr'><strong>ro</strong></span> <span class='ocrx_word' id='word_1_117' title='bbox 124 1431 186 1483; x_wconf 78' lang='lat' dir='ltr'><strong>nisi</strong></span> <span class='ocrx_word' id='word_1_118' title='bbox 193 1430 303 1496; x_wconf 76' lang='lat' dir='ltr'><strong>generis</strong></span> <span class='ocrx_word' id='word_1_119' title='bbox 314 1426 460 1487; x_wconf 82' lang='lat' dir='ltr'><strong>nobilitate,</strong></span> <span class='ocrx_word' id='word_1_120' title='bbox 478 1427 610 1478; x_wconf 79' lang='lat' dir='ltr'><strong>horrorum</strong></span> <span class='ocrx_word' id='word_1_121' title='bbox 627 1428 789 1493; x_wconf 77' lang='lat' dir='ltr'><strong>copiositate,</strong></span> <span class='ocrx_word' id='word_1_122' title='bbox 805 1429 928 1492; x_wconf 80' lang='lat' dir='ltr'><strong>corporis</strong></span> <span class='ocrx_word' id='word_1_123' title='bbox 941 1428 1157 1493; x_wconf 74' lang='lat' dir='ltr'><strong>pulchritudine,</strong></span> <span class='ocrx_word' id='word_1_124' title='bbox 1169 1429 1285 1479; x_wconf 74' lang='lat' dir='ltr'><strong>scientie</strong></span> <span class='ocrx_word' id='word_1_125' title='bbox 1298 1444 1364 1494; x_wconf 82' lang='lat' dir='ltr'><strong>pra·</strong></span> 
     </span>
     <span class='ocr_line' id='line_1_12' title="bbox 123 1526 1366 1597; baseline -0.001 -14"><span class='ocrx_word' id='word_1_126' title='bbox 123 1531 275 1597; x_wconf 62' lang='lat' dir='ltr'><strong>&amp;utiusque</strong></span> <span class='ocrx_word' id='word_1_127' title='bbox 282 1529 473 1595; x_wconf 73' lang='lat' dir='ltr'><strong>proscinditctc</strong></span> <span class='ocrx_word' id='word_1_128' title='bbox 480 1528 531 1579; x_wconf 84' lang='lat' dir='ltr'><strong>tibi</strong></span> <span class='ocrx_word' id='word_1_129' title='bbox 539 1528 654 1580; x_wconf 81' lang='lat' dir='ltr'><strong>sinrilcm</strong></span> <span class='ocrx_word' id='word_1_130' title='bbox 660 1529 828 1594; x_wconf 80' lang='lat' dir='ltr'><strong>probareris.</strong></span> <span class='ocrx_word' id='word_1_131' title='bbox 839 1527 888 1579; x_wconf 90' lang='lat' dir='ltr'><strong>His</strong></span> <span class='ocrx_word' id='word_1_132' title='bbox 897 1526 984 1585; x_wconf 82' lang='lat' dir='ltr'><strong>dictis.</strong></span> <span class='ocrx_word' id='word_1_133' title='bbox 994 1527 1088 1581; x_wconf 91' lang='lat' dir='ltr'><strong>osculo</strong></span> <span class='ocrx_word' id='word_1_134' title='bbox 1098 1528 1201 1581; x_wconf 88' lang='lat' dir='ltr'><strong>amoris</strong></span> <span class='ocrx_word' id='word_1_135' title='bbox 1210 1528 1366 1582; x_wconf 83' lang='lat' dir='ltr'><strong>valedicens</strong></span> 
     </span>
     <span class='ocr_line' id='line_1_13' title="bbox 123 1624 1366 1695; baseline 0 -14"><span class='ocrx_word' id='word_1_136' title='bbox 123 1627 200 1691; x_wconf 74' lang='lat' dir='ltr'><strong>lilia,</strong></span> <span class='ocrx_word' id='word_1_137' title='bbox 209 1626 354 1695; x_wconf 73' lang='lat' dir='ltr'><strong>expiravit</strong></span> <span class='ocrx_word' id='word_1_138' title='bbox 366 1624 435 1692; x_wconf 85' lang='lat' dir='ltr'><strong>Quis</strong></span> <span class='ocrx_word' id='word_1_139' title='bbox 447 1641 574 1679; x_wconf 88' lang='lat' dir='ltr'><strong>enarrare</strong></span> <span class='ocrx_word' id='word_1_140' title='bbox 586 1625 695 1694; x_wconf 89' lang='lat' dir='ltr'><strong>poterit,</strong></span> <span class='ocrx_word' id='word_1_141' title='bbox 704 1625 798 1694; x_wconf 85' lang='lat' dir='ltr'><strong>regina</strong></span> <span class='ocrx_word' id='word_1_142' title='bbox 809 1632 838 1679; x_wconf 89' lang='lat' dir='ltr'><strong>et</strong></span> <span class='ocrx_word' id='word_1_143' title='bbox 847 1627 906 1693; x_wconf 87' lang='lat' dir='ltr'><strong>ejus</strong></span> <span class='ocrx_word' id='word_1_144' title='bbox 918 1627 972 1679; x_wconf 85' lang='lat' dir='ltr'><strong>tilia</strong></span> <span class='ocrx_word' id='word_1_145' title='bbox 987 1632 1091 1694; x_wconf 83' lang='lat' dir='ltr'><strong>quanto</strong></span> <span class='ocrx_word' id='word_1_146' title='bbox 1102 1626 1197 1680; x_wconf 88' lang='lat' dir='ltr'><strong>dolore</strong></span> <span class='ocrx_word' id='word_1_147' title='bbox 1209 1631 1237 1679; x_wconf 91' lang='lat' dir='ltr'><strong>et</strong></span> <span class='ocrx_word' id='word_1_148' title='bbox 1248 1643 1366 1681; x_wconf 88' lang='lat' dir='ltr'><strong>moerore</strong></span> 
     </span>
     <span class='ocr_line' id='line_1_14' title="bbox 122 1722 1366 1792; baseline -0.002 -13"><span class='ocrx_word' id='word_1_149' title='bbox 122 1722 334 1779; x_wconf 75' lang='lat' dir='ltr'><strong>movebantur?</strong></span> <span class='ocrx_word' id='word_1_150' title='bbox 352 1723 472 1787; x_wconf 84' lang='lat' dir='ltr'><strong>(Deinde</strong></span> <span class='ocrx_word' id='word_1_151' title='bbox 483 1724 651 1789; x_wconf 72' lang='lat' dir='ltr'><strong>sequitertia</strong></span> <span class='ocrx_word' id='word_1_152' title='bbox 667 1726 695 1775; x_wconf 84' lang='lat' dir='ltr'><strong>S.</strong></span> <span class='ocrx_word' id='word_1_153' title='bbox 709 1722 865 1776; x_wconf 71' lang='lat' dir='ltr'><strong>cattarum</strong></span> <span class='ocrx_word' id='word_1_154' title='bbox 875 1727 1053 1788; x_wconf 80' lang='lat' dir='ltr'><strong>coricereioac,</strong></span> <span class='ocrx_word' id='word_1_155' title='bbox 1065 1726 1288 1792; x_wconf 75' lang='lat' dir='ltr'><strong>gricaradmodum</strong></span> <span class='ocrx_word' id='word_1_156' title='bbox 1301 1742 1366 1777; x_wconf 82' lang='lat' dir='ltr'><strong>aar·</strong></span> 
     </span>
     <span class='ocr_line' id='line_1_15' title="bbox 124 1820 1366 1889; baseline -0.002 -14"><span class='ocrx_word' id='word_1_157' title='bbox 124 1830 212 1875; x_wconf 75' lang='lat' dir='ltr'><strong>mter</strong></span> <span class='ocrx_word' id='word_1_158' title='bbox 231 1838 327 1889; x_wconf 79' lang='lat' dir='ltr'><strong>supro,</strong></span> <span class='ocrx_word' id='word_1_159' title='bbox 347 1828 409 1873; x_wconf 88' lang='lat' dir='ltr'><strong>tom.</strong></span> <span class='ocrx_word' id='word_1_160' title='bbox 423 1822 450 1885; x_wconf 75' lang='lat' dir='ltr'><strong>J,</strong></span> <span class='ocrx_word' id='word_1_161' title='bbox 469 1838 495 1887; x_wconf 85' lang='lat' dir='ltr'><strong>p.</strong></span> <span class='ocrx_word' id='word_1_162' title='bbox 515 1825 563 1873; x_wconf 83' lang='grc'><strong>1115</strong></span> <span class='ocrx_word' id='word_1_163' title='bbox 585 1837 641 1887; x_wconf 75' lang='lat' dir='ltr'><strong>sqq.</strong></span> <span class='ocrx_word' id='word_1_164' title='bbox 661 1820 692 1871; x_wconf 85' lang='lat' dir='ltr'><strong>ln</strong></span> <span class='ocrx_word' id='word_1_165' title='bbox 711 1822 766 1873; x_wconf 82' lang='lat' dir='ltr'><strong>cat.</strong></span> <span class='ocrx_word' id='word_1_166' title='bbox 786 1827 875 1872; x_wconf 84' lang='lat' dir='ltr'><strong>tconen</strong></span> <span class='ocrx_word' id='word_1_167' title='bbox 896 1823 1023 1873; x_wconf 82' lang='lat' dir='ltr'><strong>narratio</strong></span> <span class='ocrx_word' id='word_1_168' title='bbox 1042 1829 1079 1873; x_wconf 78' lang='lat' dir='ltr'><strong>ert</strong></span> <span class='ocrx_word' id='word_1_169' title='bbox 1097 1823 1236 1887; x_wconf 74' lang='lat' dir='ltr'><strong>prolixior·</strong></span> <span class='ocrx_word' id='word_1_170' title='bbox 1253 1838 1285 1872; x_wconf 89' lang='lat' dir='ltr'><strong>ac</strong></span> <span class='ocrx_word' id='word_1_171' title='bbox 1298 1822 1366 1886; x_wconf 68' lang='lat' dir='ltr'><strong>atillo</strong></span> 
     </span>
     <span class='ocr_line' id='line_1_16' title="bbox 73 1921 264 1987; baseline 0 -15"><span class='ocrx_word' id='word_1_172' title='bbox 73 1938 106 1987; x_wconf 69' lang='grc'><strong>15</strong></span> <span class='ocrx_word' id='word_1_173' title='bbox 125 1921 264 1972; x_wconf 77' lang='lat' dir='ltr'><strong>direrea.)</strong></span> 
     </span>
    </p>
   </div>
   <div class='ocr_carea' id='block_1_3' title="bbox 308 2096 1192 2179">
    <p class='ocr_par' dir='ltr' id='par_1_3' title="bbox 308 2096 1192 2179">
     <span class='ocr_line' id='line_1_17' title="bbox 308 2096 1192 2179; baseline -0.001 -19"><span class='ocrx_word' id='word_1_174' title='bbox 308 2117 347 2160; x_wconf 86' lang='lat' dir='ltr'><strong>ur</strong></span> <span class='ocrx_word' id='word_1_175' title='bbox 369 2116 529 2160; x_wconf 77' lang='lat' dir='ltr'><strong>urnrcuurs</strong></span> <span class='ocrx_word' id='word_1_176' title='bbox 551 2116 690 2160; x_wconf 76' lang='lat' dir='ltr'><strong>arcanea.</strong></span> <span class='ocrx_word' id='word_1_177' title='bbox 715 2096 800 2177; x_wconf 70' lang='lat' dir='ltr'><strong>(uin</strong></span> <span class='ocrx_word' id='word_1_178' title='bbox 815 2115 924 2177; x_wconf 82' lang='lat' dir='ltr'><strong>supra,</strong></span> <span class='ocrx_word' id='word_1_179' title='bbox 946 2114 1020 2178; x_wconf 85' lang='lat' dir='ltr'><strong>pag.</strong></span> <span class='ocrx_word' id='word_1_180' title='bbox 1046 2097 1113 2173; x_wconf 75' lang='lat'><strong>156,</strong></span> <span class='ocrx_word' id='word_1_181' title='bbox 1135 2097 1192 2179; x_wconf 76' lang='lat'>3⁰.)</span> 
     </span>
    </p>
   </div>
   <div class='ocr_carea' id='block_1_4' title="bbox 148 2297 1347 2467">
    <p class='ocr_par' dir='ltr' id='par_1_4' title="bbox 148 2297 1347 2467">
     <span class='ocr_line' id='line_1_18' title="bbox 148 2297 1347 2373; baseline 0.001 -15"><span class='ocrx_word' id='word_1_182' title='bbox 148 2300 318 2373; x_wconf 78' lang='lat' dir='ltr'><strong>Quadter</strong></span> <span class='ocrx_word' id='word_1_183' title='bbox 339 2299 439 2358; x_wconf 82' lang='lat' dir='ltr'><strong>tuma</strong></span> <span class='ocrx_word' id='word_1_184' title='bbox 460 2298 630 2370; x_wconf 76' lang='lat' dir='ltr'><strong>gloriosse</strong></span> <span class='ocrx_word' id='word_1_185' title='bbox 649 2297 804 2368; x_wconf 78' lang='lat' dir='ltr'><strong>vtrglnts</strong></span> <span class='ocrx_word' id='word_1_186' title='bbox 826 2298 1040 2356; x_wconf 79' lang='lat' dir='ltr'><strong>Katherlnae</strong></span> <span class='ocrx_word' id='word_1_187' title='bbox 1061 2298 1098 2356; x_wconf 89' lang='lat' dir='ltr'><strong>ln</strong></span> <span class='ocrx_word' id='word_1_188' title='bbox 1119 2298 1347 2359; x_wconf 80' lang='lat' dir='ltr'><strong>Almennlam</strong></span> 
     </span>
     <span class='ocr_line' id='line_1_19' title="bbox 642 2396 819 2467; baseline -0.011 -12"><span class='ocrx_word' id='word_1_189' title='bbox 642 2396 819 2467; x_wconf 80' lang='lat' dir='ltr'><strong>pervenit.</strong></span> 
     </span>
    </p>
   </div>
   <div class='ocr_carea' id='block_1_5' title="bbox 73 2604 1373 4651">
    <p class='ocr_par' dir='ltr' id='par_1_5' title="bbox 176 2604 1366 2675">
     <span class='ocr_line' id='line_1_20' title="bbox 176 2604 1366 2675; baseline -0.003 -12"><span class='ocrx_word' id='word_1_190' title='bbox 176 2608 208 2663; x_wconf 88' lang='lat'><strong>1.</strong></span> <span class='ocrx_word' id='word_1_191' title='bbox 232 2606 295 2661; x_wconf 78' lang='lat' dir='ltr'><strong>Fuit</strong></span> <span class='ocrx_word' id='word_1_192' title='bbox 315 2606 342 2659; x_wconf 90' lang='lat' dir='ltr'><strong>in</strong></span> <span class='ocrx_word' id='word_1_193' title='bbox 359 2604 480 2657; x_wconf 80' lang='lat' dir='ltr'><strong>Saxonia</strong></span> <span class='ocrx_word' id='word_1_194' title='bbox 497 2621 611 2674; x_wconf 83' lang='lat' dir='ltr'><strong>magnus</strong></span> <span class='ocrx_word' id='word_1_195' title='bbox 628 2605 740 2673; x_wconf 89' lang='lat' dir='ltr'><strong>quidam</strong></span> <span class='ocrx_word' id='word_1_196' title='bbox 759 2606 887 2667; x_wconf 79' lang='lat' dir='ltr'><strong>dominus</strong></span> <span class='ocrx_word' id='word_1_197' title='bbox 906 2607 991 2674; x_wconf 85' lang='lat' dir='ltr'><strong>ipsam</strong></span> <span class='ocrx_word' id='word_1_198' title='bbox 1011 2606 1157 2675; x_wconf 80' lang='lat' dir='ltr'><strong>gloriosam</strong></span> <span class='ocrx_word' id='word_1_199' title='bbox 1180 2605 1311 2675; x_wconf 83' lang='lat' dir='ltr'><strong>virginem</strong></span> <span class='ocrx_word' id='word_1_200' title='bbox 1333 2622 1366 2659; x_wconf 87' lang='lat' dir='ltr'><strong>ex</strong></span> 
     </span>
    </p>

    <p class='ocr_par' dir='ltr' id='par_1_6' title="bbox 73 2702 1369 3667">
     <span class='ocr_line' id='line_1_21' title="bbox 73 2702 1368 2777; baseline -0.005 -17"><span class='ocrx_word' id='word_1_201' title='bbox 73 2728 110 2777; x_wconf 60' lang='grc' dir='ltr'><strong>ρο</strong></span> <span class='ocrx_word' id='word_1_202' title='bbox 127 2712 198 2761; x_wconf 82' lang='lat' dir='ltr'><strong>voto</strong></span> <span class='ocrx_word' id='word_1_203' title='bbox 211 2705 241 2759; x_wconf 92' lang='lat' dir='ltr'><strong>in</strong></span> <span class='ocrx_word' id='word_1_204' title='bbox 253 2708 347 2758; x_wconf 90' lang='lat' dir='ltr'><strong>monte</strong></span> <span class='ocrx_word' id='word_1_205' title='bbox 359 2702 431 2771; x_wconf 82' lang='lat' dir='ltr'><strong>Syna</strong></span> <span class='ocrx_word' id='word_1_206' title='bbox 445 2702 612 2756; x_wconf 75' lang='lat' dir='ltr'><strong>visitaturus.</strong></span> <span class='ocrx_word' id='word_1_207' title='bbox 625 2702 675 2755; x_wconf 90' lang='lat' dir='ltr'><strong>Hic</strong></span> <span class='ocrx_word' id='word_1_208' title='bbox 687 2718 749 2755; x_wconf 91' lang='lat' dir='ltr'><strong>eum</strong></span> <span class='ocrx_word' id='word_1_209' title='bbox 763 2702 790 2755; x_wconf 93' lang='lat' dir='ltr'><strong>in</strong></span> <span class='ocrx_word' id='word_1_210' title='bbox 802 2704 952 2770; x_wconf 84' lang='lat' dir='ltr'><strong>quamdam</strong></span> <span class='ocrx_word' id='word_1_211' title='bbox 965 2702 1049 2756; x_wconf 69' lang='lat' dir='ltr'><strong>ltaliae</strong></span> <span class='ocrx_word' id='word_1_212' title='bbox 1059 2702 1179 2756; x_wconf 76' lang='lat' dir='ltr'><strong>venisset</strong></span> <span class='ocrx_word' id='word_1_213' title='bbox 1190 2702 1327 2756; x_wconf 72' lang='lat' dir='ltr'><strong>civitatem</strong></span> <span class='ocrx_word' id='word_1_214' title='bbox 1341 2706 1368 2755; x_wconf 89' lang='lat' dir='ltr'><strong>et</strong></span> 
     </span>
     <span class='ocr_line' id='line_1_22' title="bbox 127 2800 1369 2875; baseline -0.005 -16"><span class='ocrx_word' id='word_1_215' title='bbox 127 2805 235 2875; x_wconf 81' lang='lat' dir='ltr'><strong>hospes</strong></span> <span class='ocrx_word' id='word_1_216' title='bbox 252 2804 320 2873; x_wconf 84' lang='lat' dir='ltr'><strong>ejus.</strong></span> <span class='ocrx_word' id='word_1_217' title='bbox 340 2803 473 2856; x_wconf 82' lang='lat' dir='ltr'><strong>honestus</strong></span> <span class='ocrx_word' id='word_1_218' title='bbox 493 2800 564 2864; x_wconf 89' lang='lat' dir='ltr'><strong>licet,</strong></span> <span class='ocrx_word' id='word_1_219' title='bbox 584 2817 640 2854; x_wconf 93' lang='lat' dir='ltr'><strong>uon</strong></span> <span class='ocrx_word' id='word_1_220' title='bbox 661 2806 755 2854; x_wconf 84' lang='lat' dir='ltr'><strong>tamen</strong></span> <span class='ocrx_word' id='word_1_221' title='bbox 775 2800 893 2854; x_wconf 89' lang='lat' dir='ltr'><strong>multum</strong></span> <span class='ocrx_word' id='word_1_222' title='bbox 913 2802 998 2865; x_wconf 80' lang='lat' dir='ltr'><strong>dives,</strong></span> <span class='ocrx_word' id='word_1_223' title='bbox 1020 2801 1231 2868; x_wconf 82' lang='lat' dir='ltr'><strong>pulcherrimam</strong></span> <span class='ocrx_word' id='word_1_224' title='bbox 1254 2802 1369 2855; x_wconf 82' lang='lat' dir='ltr'><strong>liaberet</strong></span> 
     </span>
     <span class='ocr_line' id='line_1_23' title="bbox 127 2900 1368 2974; baseline -0.006 -13"><span class='ocrx_word' id='word_1_225' title='bbox 127 2906 228 2969; x_wconf 84' lang='lat' dir='ltr'><strong>liliam,</strong></span> <span class='ocrx_word' id='word_1_226' title='bbox 234 2921 285 2974; x_wconf 90' lang='lat' dir='ltr'><strong>pro</strong></span> <span class='ocrx_word' id='word_1_227' title='bbox 293 2902 417 2974; x_wconf 84' lang='lat' dir='ltr'><strong>pecuniis</strong></span> <span class='ocrx_word' id='word_1_228' title='bbox 425 2902 563 2955; x_wconf 86' lang='lat' dir='ltr'><strong>ordinavit</strong></span> <span class='ocrx_word' id='word_1_229' title='bbox 571 2917 634 2954; x_wconf 89' lang='lat' dir='ltr'><strong>cum</strong></span> <span class='ocrx_word' id='word_1_230' title='bbox 644 2901 751 2969; x_wconf 73' lang='lat' dir='ltr'><strong>hospite</strong></span> <span class='ocrx_word' id='word_1_231' title='bbox 761 2900 880 2968; x_wconf 88' lang='lat' dir='ltr'><strong>puellam</strong></span> <span class='ocrx_word' id='word_1_232' title='bbox 890 2900 941 2953; x_wconf 74' lang='lat' dir='ltr'><strong>:sibi</strong></span> <span class='ocrx_word' id='word_1_233' title='bbox 953 2900 1054 2953; x_wconf 85' lang='lat' dir='ltr'><strong>debere</strong></span> <span class='ocrx_word' id='word_1_234' title='bbox 1063 2901 1244 2955; x_wconf 83' lang='lat' dir='ltr'><strong>condormire</strong></span> <span class='ocrx_word' id='word_1_235' title='bbox 1255 2902 1368 2955; x_wconf 87' lang='lat' dir='ltr'><strong>inducta</strong></span> 
     </span>
     <span class='ocr_line' id='line_1_24' title="bbox 127 2978 1368 3076; baseline -0.006 -18"><span class='ocrx_word' id='word_1_236' title='bbox 127 3004 216 3076; x_wconf 87' lang='lat' dir='ltr'><strong>igitur</strong></span> <span class='ocrx_word' id='word_1_237' title='bbox 226 3004 261 3056; x_wconf 89' lang='lat' dir='ltr'><strong>ad</strong></span> <span class='ocrx_word' id='word_1_238' title='bbox 273 3004 327 3056; x_wconf 90' lang='lat' dir='ltr'><strong>hoc</strong></span> <span class='ocrx_word' id='word_1_239' title='bbox 339 3001 430 3070; x_wconf 88' lang='lat' dir='ltr'><strong>puella</strong></span> <span class='ocrx_word' id='word_1_240' title='bbox 439 2999 554 3069; x_wconf 85' lang='lat' dir='ltr'><strong>simplex</strong></span> <span class='ocrx_word' id='word_1_241' title='bbox 563 3004 591 3069; x_wconf 77' lang='lat' dir='ltr'><strong>el</strong></span> <span class='ocrx_word' id='word_1_242' title='bbox 599 2999 668 3053; x_wconf 92' lang='lat' dir='ltr'><strong>nihil</strong></span> <span class='ocrx_word' id='word_1_243' title='bbox 678 2999 743 3052; x_wconf 86' lang='lat' dir='ltr'><strong>mali</strong></span> <span class='ocrx_word' id='word_1_244' title='bbox 755 2998 897 3066; x_wconf 89' lang='lat' dir='ltr'><strong>suspicans</strong></span> <span class='ocrx_word' id='word_1_245' title='bbox 907 2998 934 3051; x_wconf 91' lang='lat' dir='ltr'><strong>in</strong></span> <span class='ocrx_word' id='word_1_246' title='bbox 946 2998 1017 3051; x_wconf 90' lang='lat' dir='ltr'><strong>lecto</strong></span> <span class='ocrx_word' id='word_1_247' title='bbox 1027 3003 1107 3051; x_wconf 90' lang='lat' dir='ltr'><strong>nocte</strong></span> <span class='ocrx_word' id='word_1_248' title='bbox 1119 2999 1232 3064; x_wconf 84' lang='lat' dir='ltr'><strong>locatur,</strong></span> <span class='ocrx_word' id='word_1_249' title='bbox 1242 2978 1368 3052; x_wconf 81' lang='lat' dir='ltr'><strong>ueniente</strong></span> 
     </span>
     <span class='ocr_line' id='line_1_25' title="bbox 127 3097 1368 3169; baseline -0.006 -10"><span class='ocrx_word' id='word_1_250' title='bbox 127 3105 257 3159; x_wconf 88' lang='lat' dir='ltr'><strong>domiuo.</strong></span> <span class='ocrx_word' id='word_1_251' title='bbox 273 3101 335 3169; x_wconf 86' lang='lat' dir='ltr'><strong>Quo</strong></span> <span class='ocrx_word' id='word_1_252' title='bbox 352 3100 465 3153; x_wconf 83' lang='lat' dir='ltr'><strong>tandem</strong></span> <span class='ocrx_word' id='word_1_253' title='bbox 483 3100 610 3152; x_wconf 87' lang='lat' dir='ltr'><strong>veniente</strong></span> <span class='ocrx_word' id='word_1_254' title='bbox 627 3103 655 3151; x_wconf 92' lang='lat' dir='ltr'><strong>et</strong></span> <span class='ocrx_word' id='word_1_255' title='bbox 666 3099 753 3165; x_wconf 83' lang='lat' dir='ltr'><strong>ipsam</strong></span> <span class='ocrx_word' id='word_1_256' title='bbox 767 3098 912 3151; x_wconf 80' lang='lat' dir='ltr'><strong>carnaliter</strong></span> <span class='ocrx_word' id='word_1_257' title='bbox 924 3102 1060 3166; x_wconf 80' lang='lat' dir='ltr'><strong>tangente,</strong></span> <span class='ocrx_word' id='word_1_258' title='bbox 1077 3097 1122 3150; x_wconf 89' lang='lat' dir='ltr'><strong>illa</strong></span> <span class='ocrx_word' id='word_1_259' title='bbox 1140 3097 1218 3165; x_wconf 65' lang='lat' dir='ltr'><strong>&lt;roasi</strong></span> <span class='ocrx_word' id='word_1_260' title='bbox 1231 3097 1368 3151; x_wconf 79' lang='lat' dir='ltr'><strong>insaniens</strong></span> 
     </span>
     <span class='ocr_line' id='line_1_26' title="bbox 76 3195 1367 3272; baseline -0.007 -14"><span class='ocrx_word' id='word_1_261' title='bbox 76 3222 112 3272; x_wconf 61' lang='grc' dir='ltr'><strong>η</strong></span> <span class='ocrx_word' id='word_1_262' title='bbox 127 3202 215 3271; x_wconf 83' lang='lat' dir='ltr'><strong>coepit</strong></span> <span class='ocrx_word' id='word_1_263' title='bbox 233 3200 307 3266; x_wconf 88' lang='lat' dir='ltr'><strong>llere,</strong></span> <span class='ocrx_word' id='word_1_264' title='bbox 318 3198 415 3267; x_wconf 89' lang='lat' dir='ltr'><strong>ejulari</strong></span> <span class='ocrx_word' id='word_1_265' title='bbox 427 3201 454 3251; x_wconf 90' lang='lat' dir='ltr'><strong>et</strong></span> <span class='ocrx_word' id='word_1_266' title='bbox 472 3198 578 3250; x_wconf 80' lang='lat' dir='ltr'><strong>fortiter</strong></span> <span class='ocrx_word' id='word_1_267' title='bbox 594 3198 678 3251; x_wconf 88' lang='lat' dir='ltr'><strong>etiam</strong></span> <span class='ocrx_word' id='word_1_268' title='bbox 695 3196 793 3265; x_wconf 89' lang='lat' dir='ltr'><strong>pugnis</strong></span> <span class='ocrx_word' id='word_1_269' title='bbox 809 3196 942 3249; x_wconf 80' lang='lat' dir='ltr'><strong>resistere.</strong></span> <span class='ocrx_word' id='word_1_270' title='bbox 961 3195 1102 3249; x_wconf 77' lang='lat' dir='ltr'><strong>Attonitus</strong></span> <span class='ocrx_word' id='word_1_271' title='bbox 1120 3196 1199 3250; x_wconf 79' lang='lat' dir='ltr'><strong>miles</strong></span> <span class='ocrx_word' id='word_1_272' title='bbox 1216 3212 1298 3264; x_wconf 82' lang='lat' dir='ltr'><strong>super</strong></span> <span class='ocrx_word' id='word_1_273' title='bbox 1309 3197 1367 3264; x_wconf 78' lang='lat' dir='ltr'><strong>ejus</strong></span> 
     </span>
     <span class='ocr_line' id='line_1_27' title="bbox 127 3295 1368 3367; baseline -0.006 -11"><span class='ocrx_word' id='word_1_274' title='bbox 127 3300 296 3362; x_wconf 79' lang='lat' dir='ltr'><strong>constantia,</strong></span> <span class='ocrx_word' id='word_1_275' title='bbox 309 3298 443 3367; x_wconf 77' lang='lat' dir='ltr'><strong>persuasit</strong></span> <span class='ocrx_word' id='word_1_276' title='bbox 460 3295 656 3350; x_wconf 78' lang='lat' dir='ltr'><strong>admissionem</strong></span> <span class='ocrx_word' id='word_1_277' title='bbox 673 3300 806 3363; x_wconf 84' lang='lat' dir='ltr'><strong>quantum</strong></span> <span class='ocrx_word' id='word_1_278' title='bbox 825 3295 922 3363; x_wconf 88' lang='lat' dir='ltr'><strong>potuit,</strong></span> <span class='ocrx_word' id='word_1_279' title='bbox 933 3295 1054 3363; x_wconf 81' lang='lat' dir='ltr'><strong>allegans</strong></span> <span class='ocrx_word' id='word_1_280' title='bbox 1071 3295 1138 3349; x_wconf 91' lang='lat' dir='ltr'><strong>illud</strong></span> <span class='ocrx_word' id='word_1_281' title='bbox 1156 3295 1190 3347; x_wconf 87' lang='lat' dir='ltr'><strong>de</strong></span> <span class='ocrx_word' id='word_1_282' title='bbox 1208 3295 1292 3362; x_wconf 84' lang='lat' dir='ltr'><strong>patris</strong></span> <span class='ocrx_word' id='word_1_283' title='bbox 1309 3297 1368 3363; x_wconf 84' lang='lat' dir='ltr'><strong>ejus</strong></span> 
     </span>
     <span class='ocr_line' id='line_1_28' title="bbox 128 3393 1366 3467; baseline -0.005 -13"><span class='ocrx_word' id='word_1_284' title='bbox 128 3399 192 3455; x_wconf 88' lang='lat' dir='ltr'><strong>lieri</strong></span> <span class='ocrx_word' id='word_1_285' title='bbox 204 3397 413 3467; x_wconf 83' lang='lat' dir='ltr'><strong>complacentia.</strong></span> <span class='ocrx_word' id='word_1_286' title='bbox 423 3396 471 3449; x_wconf 88' lang='lat' dir='ltr'><strong>llla</strong></span> <span class='ocrx_word' id='word_1_287' title='bbox 482 3399 578 3449; x_wconf 85' lang='lat' dir='ltr'><strong>contra</strong></span> <span class='ocrx_word' id='word_1_288' title='bbox 590 3394 771 3458; x_wconf 84' lang='lat' dir='ltr'><strong>recalcitrans,</strong></span> <span class='ocrx_word' id='word_1_289' title='bbox 780 3393 848 3447; x_wconf 84' lang='lat' dir='ltr'><strong>dixit</strong></span> <span class='ocrx_word' id='word_1_290' title='bbox 861 3410 890 3446; x_wconf 82' lang='lat' dir='ltr'><strong>se</strong></span> <span class='ocrx_word' id='word_1_291' title='bbox 904 3393 995 3461; x_wconf 90' lang='lat' dir='ltr'><strong>potius</strong></span> <span class='ocrx_word' id='word_1_292' title='bbox 1013 3394 1084 3446; x_wconf 88' lang='lat' dir='ltr'><strong>mori</strong></span> <span class='ocrx_word' id='word_1_293' title='bbox 1097 3394 1166 3447; x_wconf 84' lang='lat' dir='ltr'><strong>relle</strong></span> <span class='ocrx_word' id='word_1_294' title='bbox 1178 3411 1263 3462; x_wconf 80' lang='lat' dir='ltr'><strong>quam</strong></span> <span class='ocrx_word' id='word_1_295' title='bbox 1272 3396 1366 3449; x_wconf 89' lang='lat' dir='ltr'><strong>liorem</strong></span> 
     </span>
     <span class='ocr_line' id='line_1_29' title="bbox 129 3492 1368 3568; baseline -0.003 -16"><span class='ocrx_word' id='word_1_296' title='bbox 129 3496 297 3568; x_wconf 81' lang='lat' dir='ltr'><strong>virginitatis</strong></span> <span class='ocrx_word' id='word_1_297' title='bbox 308 3497 431 3566; x_wconf 86' lang='lat' dir='ltr'><strong>perdere,</strong></span> <span class='ocrx_word' id='word_1_298' title='bbox 442 3511 524 3565; x_wconf 85' lang='lat' dir='ltr'><strong>quam</strong></span> <span class='ocrx_word' id='word_1_299' title='bbox 535 3495 602 3563; x_wconf 85' lang='lat' dir='ltr'><strong>ipsa,</strong></span> <span class='ocrx_word' id='word_1_300' title='bbox 612 3498 709 3548; x_wconf 79' lang='lat' dir='ltr'><strong>rocam</strong></span> <span class='ocrx_word' id='word_1_301' title='bbox 726 3493 881 3551; x_wconf 82' lang='lat' dir='ltr'><strong>Katherina.</strong></span> <span class='ocrx_word' id='word_1_302' title='bbox 894 3498 995 3546; x_wconf 72' lang='lat' dir='ltr'><strong>sanctie</strong></span> <span class='ocrx_word' id='word_1_303' title='bbox 1007 3492 1163 3546; x_wconf 84' lang='lat' dir='ltr'><strong>Katherinae</strong></span> <span class='ocrx_word' id='word_1_304' title='bbox 1182 3494 1258 3546; x_wconf 88' lang='lat' dir='ltr'><strong>vorit</strong></span> <span class='ocrx_word' id='word_1_305' title='bbox 1276 3494 1368 3547; x_wconf 89' lang='lat' dir='ltr'><strong>abser-</strong></span> 
     </span>
     <span class='ocr_line' id='line_1_30' title="bbox 129 3592 1368 3667; baseline -0.006 -14"><span class='ocrx_word' id='word_1_306' title='bbox 129 3616 208 3655; x_wconf 83' lang='lat' dir='ltr'><strong>vare.</strong></span> <span class='ocrx_word' id='word_1_307' title='bbox 220 3598 409 3667; x_wconf 80' lang='lat' dir='ltr'><strong>Repercussus</strong></span> <span class='ocrx_word' id='word_1_308' title='bbox 419 3594 588 3650; x_wconf 88' lang='lat' dir='ltr'><strong>conscientia</strong></span> <span class='ocrx_word' id='word_1_309' title='bbox 597 3594 682 3647; x_wconf 79' lang='lat' dir='ltr'><strong>liomo</strong></span> <span class='ocrx_word' id='word_1_310' title='bbox 695 3593 745 3655; x_wconf 87' lang='lat' dir='ltr'><strong>ille,</strong></span> <span class='ocrx_word' id='word_1_311' title='bbox 755 3592 884 3661; x_wconf 81' lang='lat' dir='ltr'><strong>cogitarit</strong></span> <span class='ocrx_word' id='word_1_312' title='bbox 895 3592 965 3645; x_wconf 90' lang='lat' dir='ltr'><strong>intra</strong></span> <span class='ocrx_word' id='word_1_313' title='bbox 977 3609 1007 3644; x_wconf 82' lang='lat' dir='ltr'><strong>so</strong></span> <span class='ocrx_word' id='word_1_314' title='bbox 1020 3611 1026 3645; x_wconf 93' lang='lat'><strong>:</strong></span> <span class='ocrx_word' id='word_1_315' title='bbox 1048 3594 1097 3657; x_wconf 85' lang='lat' dir='ltr'><strong>Tu,</strong></span> <span class='ocrx_word' id='word_1_316' title='bbox 1108 3596 1197 3657; x_wconf 66' lang='lat' dir='ltr'><strong>ccciccc,</strong></span> <span class='ocrx_word' id='word_1_317' title='bbox 1208 3597 1248 3646; x_wconf 83' lang='lat' dir='ltr'><strong>cie</strong></span> <span class='ocrx_word' id='word_1_318' title='bbox 1257 3596 1368 3646; x_wconf 75' lang='lat' dir='ltr'><strong>visitare</strong></span> 
     </span>
    </p>

    <p class='ocr_par' dir='ltr' id='par_1_7' title="bbox 74 3694 1370 4167">
     <span class='ocr_line' id='line_1_31' title="bbox 74 3694 1368 3769; baseline -0.008 -14"><span class='ocrx_word' id='word_1_319' title='bbox 74 3716 110 3769; x_wconf 79' lang='lat'><strong>³⁰</strong></span> <span class='ocrx_word' id='word_1_320' title='bbox 127 3706 258 3755; x_wconf 80' lang='lat' dir='ltr'><strong>maccam</strong></span> <span class='ocrx_word' id='word_1_321' title='bbox 269 3695 842 3762; x_wconf 78' lang='lat' dir='ltr'><strong>Kotherinam,etliancpiceltam,m&#39;mititec</strong></span> <span class='ocrx_word' id='word_1_322' title='bbox 852 3694 1209 3760; x_wconf 59' lang='grc'><strong>11111111111111111,(1111111111</strong></span> <span class='ocrx_word' id='word_1_323' title='bbox 1220 3696 1368 3746; x_wconf 82' lang='lat' dir='ltr'><strong>caetitatem</strong></span> 
     </span>
     <span class='ocr_line' id='line_1_32' title="bbox 128 3792 1368 3863; baseline -0.006 -10"><span class='ocrx_word' id='word_1_324' title='bbox 128 3801 211 3863; x_wconf 78' lang='lat' dir='ltr'><strong>coeit,</strong></span> <span class='ocrx_word' id='word_1_325' title='bbox 219 3798 306 3851; x_wconf 79' lang='lat' dir='ltr'><strong>andes</strong></span> <span class='ocrx_word' id='word_1_326' title='bbox 317 3798 436 3849; x_wconf 83' lang='lat' dir='ltr'><strong>cioture!</strong></span> <span class='ocrx_word' id='word_1_327' title='bbox 447 3794 520 3848; x_wconf 82' lang='lat' dir='ltr'><strong>Dixit</strong></span> <span class='ocrx_word' id='word_1_328' title='bbox 531 3810 595 3862; x_wconf 89' lang='lat' dir='ltr'><strong>ergo</strong></span> <span class='ocrx_word' id='word_1_329' title='bbox 607 3792 704 3861; x_wconf 81' lang='lat' dir='ltr'><strong>puelle</strong></span> <span class='ocrx_word' id='word_1_330' title='bbox 714 3812 720 3845; x_wconf 90' lang='lat'><strong>:</strong></span> <span class='ocrx_word' id='word_1_331' title='bbox 731 3792 815 3857; x_wconf 76' lang='lat' dir='ltr'><strong>Filia,</strong></span> <span class='ocrx_word' id='word_1_332' title='bbox 824 3793 915 3844; x_wconf 79' lang='lat' dir='ltr'><strong>domm</strong></span> <span class='ocrx_word' id='word_1_333' title='bbox 925 3796 952 3844; x_wconf 87' lang='lat' dir='ltr'><strong>ia</strong></span> <span class='ocrx_word' id='word_1_334' title='bbox 964 3810 1038 3860; x_wconf 79' lang='lat' dir='ltr'><strong>pace,</strong></span> <span class='ocrx_word' id='word_1_335' title='bbox 1047 3795 1112 3858; x_wconf 85' lang='lat' dir='ltr'><strong>qaia</strong></span> <span class='ocrx_word' id='word_1_336' title='bbox 1122 3809 1174 3857; x_wconf 79' lang='lat' dir='ltr'><strong>pro</strong></span> <span class='ocrx_word' id='word_1_337' title='bbox 1186 3800 1262 3857; x_wconf 78' lang='lat' dir='ltr'><strong>coto,</strong></span> <span class='ocrx_word' id='word_1_338' title='bbox 1272 3795 1368 3845; x_wconf 73' lang='lat' dir='ltr'><strong>timone</strong></span> 
     </span>
     <span class='ocr_line' id='line_1_33' title="bbox 128 3890 1367 3960; baseline -0.008 -7"><span class='ocrx_word' id='word_1_339' title='bbox 128 3900 224 3953; x_wconf 76' lang='lat' dir='ltr'><strong>neam</strong></span> <span class='ocrx_word' id='word_1_340' title='bbox 241 3904 265 3949; x_wconf 84' lang='lat' dir='ltr'><strong>ct</strong></span> <span class='ocrx_word' id='word_1_341' title='bbox 281 3904 403 3950; x_wconf 68' lang='lat' dir='ltr'><strong>carinam</strong></span> <span class='ocrx_word' id='word_1_342' title='bbox 421 3894 602 3947; x_wconf 79' lang='lat' dir='ltr'><strong>Kotlcrinam</strong></span> <span class='ocrx_word' id='word_1_343' title='bbox 620 3894 766 3957; x_wconf 80' lang='lat' dir='ltr'><strong>lionorcns,</strong></span> <span class='ocrx_word' id='word_1_344' title='bbox 785 3908 836 3944; x_wconf 89' lang='lat' dir='ltr'><strong>non</strong></span> <span class='ocrx_word' id='word_1_345' title='bbox 857 3893 991 3958; x_wconf 75' lang='lat' dir='ltr'><strong>offendam</strong></span> <span class='ocrx_word' id='word_1_346' title='bbox 1002 3899 1035 3943; x_wconf 87' lang='lat' dir='ltr'><strong>tc.</strong></span> <span class='ocrx_word' id='word_1_347' title='bbox 1055 3890 1133 3943; x_wconf 85' lang='lat' dir='ltr'><strong>Mane</strong></span> <span class='ocrx_word' id='word_1_348' title='bbox 1153 3908 1264 3960; x_wconf 79' lang='lat' dir='ltr'><strong>surgens</strong></span> <span class='ocrx_word' id='word_1_349' title='bbox 1281 3892 1367 3943; x_wconf 85' lang='lat' dir='ltr'><strong>lromo</strong></span> 
     </span>
     <span class='ocr_line' id='line_1_34' title="bbox 128 3992 1369 4063; baseline -0.008 -10"><span class='ocrx_word' id='word_1_350' title='bbox 128 4000 236 4053; x_wconf 78' lang='lat' dir='ltr'><strong>deuote</strong></span> <span class='ocrx_word' id='word_1_351' title='bbox 253 4000 281 4049; x_wconf 91' lang='lat' dir='ltr'><strong>et</strong></span> <span class='ocrx_word' id='word_1_352' title='bbox 296 3994 415 4063; x_wconf 85' lang='lat' dir='ltr'><strong>puellam</strong></span> <span class='ocrx_word' id='word_1_353' title='bbox 427 3993 466 4046; x_wconf 85' lang='lat' dir='ltr'><strong>sic</strong></span> <span class='ocrx_word' id='word_1_354' title='bbox 483 3992 632 4061; x_wconf 85' lang='lat' dir='ltr'><strong>alloquitur</strong></span> <span class='ocrx_word' id='word_1_355' title='bbox 648 3993 782 4044; x_wconf 81' lang='lat' dir='ltr'><strong>honeste:</strong></span> <span class='ocrx_word' id='word_1_356' title='bbox 797 3992 870 4043; x_wconf 79' lang='lat' dir='ltr'><strong>l&#39;r&#39;lia</strong></span> <span class='ocrx_word' id='word_1_357' title='bbox 889 4008 945 4041; x_wconf 76' lang='lat' dir='ltr'><strong>ram</strong></span> <span class='ocrx_word' id='word_1_358' title='bbox 963 3992 1068 4050; x_wconf 79' lang='lat' dir='ltr'><strong>dilecta,</strong></span> <span class='ocrx_word' id='word_1_359' title='bbox 1080 3992 1141 4042; x_wconf 75' lang='lat' dir='ltr'><strong>lieri</strong></span> <span class='ocrx_word' id='word_1_360' title='bbox 1152 3993 1310 4043; x_wconf 80' lang='lat' dir='ltr'><strong>contristari</strong></span> <span class='ocrx_word' id='word_1_361' title='bbox 1324 3999 1349 4043; x_wconf 88' lang='lat' dir='ltr'><strong>te</strong></span> <span class='ocrx_word' id='word_1_362' title='bbox 1358 4010 1369 4055; x_wconf 91' lang='lat'><strong>,·</strong></span> 
     </span>
     <span class='ocr_line' id='line_1_35' title="bbox 129 4089 1370 4167; baseline -0.009 -14"><span class='ocrx_word' id='word_1_363' title='bbox 129 4103 242 4167; x_wconf 75' lang='lat' dir='ltr'><strong>iprrcrce</strong></span> <span class='ocrx_word' id='word_1_364' title='bbox 251 4096 358 4160; x_wconf 82' lang='lat' dir='ltr'><strong>milri,et</strong></span> <span class='ocrx_word' id='word_1_365' title='bbox 369 4095 505 4163; x_wconf 77' lang='lat' dir='ltr'><strong>grcidquid</strong></span> <span class='ocrx_word' id='word_1_366' title='bbox 517 4094 633 4147; x_wconf 78' lang='lat' dir='ltr'><strong>colueris</strong></span> <span class='ocrx_word' id='word_1_367' title='bbox 642 4092 711 4144; x_wconf 81' lang='lat' dir='ltr'><strong>dabo</strong></span> <span class='ocrx_word' id='word_1_368' title='bbox 721 4092 779 4144; x_wconf 82' lang='grc'><strong>1111.</strong></span> <span class='ocrx_word' id='word_1_369' title='bbox 797 4089 832 4142; x_wconf 74' lang='lat' dir='ltr'><strong>Al</strong></span> <span class='ocrx_word' id='word_1_370' title='bbox 848 4090 901 4147; x_wconf 86' lang='lat' dir='ltr'><strong>illa,</strong></span> <span class='ocrx_word' id='word_1_371' title='bbox 916 4090 987 4142; x_wconf 79' lang='lat' dir='ltr'><strong>sicut</strong></span> <span class='ocrx_word' id='word_1_372' title='bbox 998 4090 1069 4142; x_wconf 86' lang='lat' dir='ltr'><strong>bona</strong></span> <span class='ocrx_word' id='word_1_373' title='bbox 1084 4095 1111 4141; x_wconf 91' lang='lat' dir='ltr'><strong>et</strong></span> <span class='ocrx_word' id='word_1_374' title='bbox 1125 4092 1255 4141; x_wconf 75' lang='lat' dir='ltr'><strong>innocens</strong></span> <span class='ocrx_word' id='word_1_375' title='bbox 1267 4095 1293 4142; x_wconf 89' lang='lat' dir='ltr'><strong>et</strong></span> <span class='ocrx_word' id='word_1_376' title='bbox 1304 4090 1370 4143; x_wconf 88' lang='lat' dir='ltr'><strong>sim-</strong></span> 
     </span>
    </p>

    <p class='ocr_par' dir='ltr' id='par_1_8' title="bbox 74 4187 1371 4458">
     <span class='ocr_line' id='line_1_36' title="bbox 74 4187 1371 4265; baseline -0.005 -16"><span class='ocrx_word' id='word_1_377' title='bbox 74 4212 110 4261; x_wconf 67' lang='grc'><strong>35</strong></span> <span class='ocrx_word' id='word_1_378' title='bbox 128 4195 196 4265; x_wconf 82' lang='lat' dir='ltr'><strong>plex</strong></span> <span class='ocrx_word' id='word_1_379' title='bbox 209 4190 423 4255; x_wconf 80' lang='lat' dir='ltr'><strong>creatura,dixit</strong></span> <span class='ocrx_word' id='word_1_380' title='bbox 433 4210 440 4245; x_wconf 77' lang='grc' dir='ltr'><strong><em>ε</em></strong></span> <span class='ocrx_word' id='word_1_381' title='bbox 452 4192 574 4254; x_wconf 85' lang='lat' dir='ltr'><strong>Domine,</strong></span> <span class='ocrx_word' id='word_1_382' title='bbox 586 4192 705 4256; x_wconf 78' lang='lat' dir='ltr'><strong>igrroecut</strong></span> <span class='ocrx_word' id='word_1_383' title='bbox 717 4190 767 4242; x_wconf 84' lang='lat' dir='ltr'><strong>tibi</strong></span> <span class='ocrx_word' id='word_1_384' title='bbox 783 4191 926 4253; x_wconf 82' lang='lat' dir='ltr'><strong>Dominae,</strong></span> <span class='ocrx_word' id='word_1_385' title='bbox 939 4198 963 4241; x_wconf 82' lang='lat' dir='ltr'><strong>ct</strong></span> <span class='ocrx_word' id='word_1_386' title='bbox 980 4206 1026 4253; x_wconf 76' lang='lat' dir='ltr'><strong>ego</strong></span> <span class='ocrx_word' id='word_1_387' title='bbox 1039 4192 1153 4253; x_wconf 76' lang='lat' dir='ltr'><strong>igrroaco.</strong></span> <span class='ocrx_word' id='word_1_388' title='bbox 1165 4188 1198 4240; x_wconf 87' lang='lat' dir='ltr'><strong>Et</strong></span> <span class='ocrx_word' id='word_1_389' title='bbox 1216 4187 1261 4240; x_wconf 90' lang='lat' dir='ltr'><strong>ille</strong></span> <span class='ocrx_word' id='word_1_390' title='bbox 1274 4208 1280 4240; x_wconf 75' lang='grc' dir='ltr'>ε</span> <span class='ocrx_word' id='word_1_391' title='bbox 1294 4190 1371 4254; x_wconf 79' lang='lat' dir='ltr'><strong>Quod</strong></span> 
     </span>
     <span class='ocr_line' id='line_1_37' title="bbox 128 4288 1371 4361; baseline -0.01 -12"><span class='ocrx_word' id='word_1_392' title='bbox 128 4310 199 4361; x_wconf 74' lang='lat' dir='ltr'><strong>erpo</strong></span> <span class='ocrx_word' id='word_1_393' title='bbox 213 4294 305 4360; x_wconf 76' lang='lat' dir='ltr'><strong>petie?</strong></span> <span class='ocrx_word' id='word_1_394' title='bbox 320 4290 474 4358; x_wconf 83' lang='lat' dir='ltr'><strong>Respondit</strong></span> <span class='ocrx_word' id='word_1_395' title='bbox 486 4308 493 4342; x_wconf 77' lang='lat' dir='ltr'><strong>r</strong></span> <span class='ocrx_word' id='word_1_396' title='bbox 505 4290 555 4342; x_wconf 79' lang='lat' dir='ltr'><strong>Est</strong></span> <span class='ocrx_word' id='word_1_397' title='bbox 566 4290 610 4341; x_wconf 81' lang='lat' dir='ltr'><strong>liic</strong></span> <span class='ocrx_word' id='word_1_398' title='bbox 619 4306 704 4356; x_wconf 79' lang='lat' dir='ltr'><strong>propr</strong></span> <span class='ocrx_word' id='word_1_399' title='bbox 721 4290 862 4352; x_wconf 87' lang='lat' dir='ltr'><strong>cicitatem,</strong></span> <span class='ocrx_word' id='word_1_400' title='bbox 874 4290 988 4351; x_wconf 76' lang='lat' dir='ltr'><strong>dorrrirrc,</strong></span> <span class='ocrx_word' id='word_1_401' title='bbox 1001 4289 1150 4339; x_wconf 79' lang='lat' dir='ltr'><strong>ricimirum</strong></span> <span class='ocrx_word' id='word_1_402' title='bbox 1163 4295 1259 4339; x_wconf 74' lang='lat' dir='ltr'><strong>carecta</strong></span> <span class='ocrx_word' id='word_1_403' title='bbox 1271 4288 1371 4339; x_wconf 73' lang='grc'><strong>11111111-</strong></span> 
     </span>
     <span class='ocr_line' id='line_1_38' title="bbox 130 4387 1371 4458; baseline -0.007 -11"><span class='ocrx_word' id='word_1_404' title='bbox 130 4396 205 4447; x_wconf 70' lang='lat' dir='ltr'><strong>rina</strong></span> <span class='ocrx_word' id='word_1_405' title='bbox 217 4394 248 4443; x_wconf 86' lang='lat' dir='ltr'><strong>in</strong></span> <span class='ocrx_word' id='word_1_406' title='bbox 259 4406 312 4458; x_wconf 74' lang='lat' dir='ltr'><strong>guo</strong></span> <span class='ocrx_word' id='word_1_407' title='bbox 322 4392 372 4443; x_wconf 81' lang='lat' dir='ltr'><strong>diu</strong></span> <span class='ocrx_word' id='word_1_408' title='bbox 383 4390 496 4443; x_wconf 80' lang='lat' dir='ltr'><strong>libenter</strong></span> <span class='ocrx_word' id='word_1_409' title='bbox 511 4390 637 4442; x_wconf 81' lang='lat' dir='ltr'><strong>irrorrialis</strong></span> <span class='ocrx_word' id='word_1_410' title='bbox 651 4391 773 4454; x_wconf 74' lang='lat' dir='ltr'><strong>scrinaria,</strong></span> <span class='ocrx_word' id='word_1_411' title='bbox 783 4390 809 4439; x_wconf 81' lang='lat' dir='ltr'><strong>ai</strong></span> <span class='ocrx_word' id='word_1_412' title='bbox 819 4406 836 4439; x_wconf 88' lang='lat' dir='ltr'><strong>a</strong></span> <span class='ocrx_word' id='word_1_413' title='bbox 845 4395 926 4455; x_wconf 81' lang='lat' dir='ltr'><strong>patre</strong></span> <span class='ocrx_word' id='word_1_414' title='bbox 942 4389 978 4439; x_wconf 85' lang='lat' dir='ltr'><strong>act</strong></span> <span class='ocrx_word' id='word_1_415' title='bbox 990 4387 1038 4438; x_wconf 84' lang='lat' dir='ltr'><strong>hoc</strong></span> <span class='ocrx_word' id='word_1_416' title='bbox 1050 4388 1202 4438; x_wconf 66' lang='lat' dir='ltr'><strong>»iecessario</strong></span> <span class='ocrx_word' id='word_1_417' title='bbox 1210 4387 1371 4438; x_wconf 81' lang='lat' dir='ltr'><strong>lraduisaem.</strong></span> 
     </span>
    </p>

    <p class='ocr_par' dir='ltr' id='par_1_9' title="bbox 130 4462 1373 4651">
     <span class='ocr_line' id='line_1_39' title="bbox 130 4462 1373 4555; baseline -0.007 -7"><span class='ocrx_word' id='word_1_418' title='bbox 130 4494 168 4549; x_wconf 71' lang='lat' dir='ltr'><strong>ut</strong></span> <span class='ocrx_word' id='word_1_419' title='bbox 179 4490 328 4545; x_wconf 80' lang='lat' dir='ltr'><strong>dourinus:</strong></span> <span class='ocrx_word' id='word_1_420' title='bbox 345 4490 404 4555; x_wconf 68' lang='lat' dir='ltr'><strong>Epo</strong></span> <span class='ocrx_word' id='word_1_421' title='bbox 420 4490 560 4555; x_wconf 67' lang='lat' dir='ltr'><strong>teinecbo,</strong></span> <span class='ocrx_word' id='word_1_422' title='bbox 570 4489 639 4555; x_wconf 73' lang='lat' dir='ltr'><strong>filia,</strong></span> <span class='ocrx_word' id='word_1_423' title='bbox 649 4504 788 4554; x_wconf 79' lang='lat' dir='ltr'><strong>proposse</strong></span> <span class='ocrx_word' id='word_1_424' title='bbox 804 4504 868 4539; x_wconf 80' lang='lat' dir='ltr'><strong>nico.</strong></span> <span class='ocrx_word' id='word_1_425' title='bbox 881 4485 1021 4538; x_wconf 69' lang='lat' dir='ltr'><strong>accedens</strong></span> <span class='ocrx_word' id='word_1_426' title='bbox 1033 4484 1113 4553; x_wconf 84' lang='lat' dir='ltr'><strong>igitur</strong></span> <span class='ocrx_word' id='word_1_427' title='bbox 1126 4485 1160 4537; x_wconf 86' lang='lat' dir='ltr'><strong>ad</strong></span> <span class='ocrx_word' id='word_1_428' title='bbox 1177 4462 1326 4538; x_wconf 78' lang='lat' dir='ltr'><strong>claustrum</strong></span> <span class='ocrx_word' id='word_1_429' title='bbox 1345 4492 1373 4539; x_wconf 91' lang='lat' dir='ltr'><strong>et</strong></span> 
     </span>
     <span class='ocr_line' id='line_1_40' title="bbox 130 4583 1369 4651; baseline -0.01 -4"><span class='ocrx_word' id='word_1_430' title='bbox 130 4590 252 4647; x_wconf 76' lang='lat' dir='ltr'><strong>missam</strong></span> <span class='ocrx_word' id='word_1_431' title='bbox 269 4588 391 4649; x_wconf 80' lang='lat' dir='ltr'><strong>audiens.</strong></span> <span class='ocrx_word' id='word_1_432' title='bbox 407 4587 527 4641; x_wconf 72' lang='lat' dir='ltr'><strong>breviter</strong></span> <span class='ocrx_word' id='word_1_433' title='bbox 544 4586 677 4639; x_wconf 78' lang='lat' dir='ltr'><strong>ordinarit</strong></span> <span class='ocrx_word' id='word_1_434' title='bbox 697 4602 760 4639; x_wconf 89' lang='lat' dir='ltr'><strong>cum</strong></span> <span class='ocrx_word' id='word_1_435' title='bbox 780 4585 917 4638; x_wconf 68' lang='lat' dir='ltr'><strong>abbati-:sa</strong></span> <span class='ocrx_word' id='word_1_436' title='bbox 940 4584 983 4637; x_wconf 87' lang='lat' dir='ltr'><strong>illa</strong></span> <span class='ocrx_word' id='word_1_437' title='bbox 1005 4583 1086 4651; x_wconf 79' lang='lat' dir='ltr'><strong>recipi</strong></span> <span class='ocrx_word' id='word_1_438' title='bbox 1107 4583 1190 4636; x_wconf 87' lang='lat' dir='ltr'><strong>liliam</strong></span> <span class='ocrx_word' id='word_1_439' title='bbox 1212 4583 1287 4637; x_wconf 89' lang='lat' dir='ltr'><strong>illam</strong></span> <span class='ocrx_word' id='word_1_440' title='bbox 1308 4600 1369 4635; x_wconf 91' lang='lat' dir='ltr'><strong>cum</strong></span> 
     </span>
    </p>
   </div>
   <div class='ocr_carea' id='block_1_6' title="bbox 10 4682 412 4769">
    <p class='ocr_par' dir='ltr' id='par_1_10' title="bbox 10 4682 412 4769">
     <span class='ocr_line' id='line_1_41' title="bbox 10 4682 412 4769; baseline -0.005 -28"><span class='ocrx_word' id='word_1_441' title='bbox 10 4682 12 4769; x_wconf 54' lang='lat' dir='ltr'><strong>l</strong></span> <span class='ocrx_word' id='word_1_442' title='bbox 76 4702 111 4753; x_wconf 75' lang='grc' dir='ltr'>ω</span> <span class='ocrx_word' id='word_1_443' title='bbox 131 4706 239 4759; x_wconf 79' lang='lat' dir='ltr'><strong>magna</strong></span> <span class='ocrx_word' id='word_1_444' title='bbox 251 4688 412 4742; x_wconf 78' lang='lat' dir='ltr'><strong>reuerentia.</strong></span> 
     </span>
    </p>
   </div>
   <div class='ocr_carea' id='block_1_7' title="bbox 0 0 1646 5400">
    <p class='ocr_par' dir='ltr' id='par_1_11' title="bbox 0 0 1646 5400">
     <span class='ocr_line' id='line_1_42' title="bbox 0 0 1646 5400; baseline 0 0"><span class='ocrx_word' id='word_1_445' title='bbox 0 0 1646 5400; x_wconf 95' lang='lat' dir='ltr'><strong> </strong></span> 
     </span>
    </p>
   </div>
  </div>
 </body>
</html>
