3270 5400
306 300 375 371 170
638 319 764 370 aaran.
792 320 894 371 cono.
923 319 1198 371 naorocaarmc

303 516 356 573 De
377 512 533 583 quodem
554 512 724 572 canonico
746 525 851 583 quem
872 512 1033 584 gloriosa
1053 513 1159 585 virgo
1180 515 1390 575 Katbertna
1409 527 1436 573 a
1455 513 1539 573 vita

502 613 659 683 reproba
680 613 792 682 atque
813 613 930 672 morte
950 614 1129 684 perpetue
1148 612 1334 673 liberavit.

348 801 404 860 13.
417 802 572 856 Canonicus
581 802 693 870 quidam
700 801 838 865 secularis,
848 803 954 855 habens
963 801 1041 870 plura
1051 801 1323 871 beneficiaquamvis
1332 819 1446 872 pravam
1457 803 1539 858 duce

304 905 345 955 ret
357 900 441 953 vitam
456 901 572 953 devotus
591 904 682 952 tamen
694 898 811 952 multum
824 904 883 952 erat
893 898 979 951 beata
992 898 1088 967 virgini
1099 898 1262 952 Katherinae.
1273 898 1322 952 llic
1334 899 1432 953 babuit
1450 899 1539 967 capel·

304 999 408 1061 lanum,
420 998 510 1051 virum
523 999 639 1066 prolium
653 1003 679 1050 et
691 1002 810 1057 castum;
829 1002 857 1050 et
867 997 951 1050 aliurn
965 1013 1042 1065 mque
1053 997 1241 1065 presbyterum
1254 996 1540 1066 commensalem,qui
1557 1016 1572 1063 5

305 1097 388 1151 etiam
405 1095 564 1149 seculariter
583 1095 648 1149 satis
668 1096 741 1149 vixit.
760 1094 886 1162 Quadam
904 1100 995 1148 autem
1012 1100 1093 1149 nocte
1109 1095 1266 1164 capellanus
1278 1096 1413 1150 visionem
1432 1097 1540 1155 habuit.

306 1192 427 1261 viditque
446 1192 609 1245 canonicum
622 1197 649 1244 et
667 1192 854 1260 presbyterum
874 1192 972 1244 ambos
989 1190 1061 1244 trabi
1080 1192 1113 1244 ad
1131 1191 1273 1259 J'udicium.
1289 1192 1377 1246 ludex
1395 1208 1461 1246 vero
1472 1193 1540 1245 dare

306 1290 393 1345 voluit
404 1291 568 1345 sententiam
584 1291 767 1353 diffinitivam,
782 1295 813 1344 ut
829 1291 934 1344 scilicet
946 1291 1028 1344 ambo
1040 1290 1249 1344 decollarentur.
1261 1290 1346 1345 Beata
1359 1308 1425 1345 vero
1438 1291 1541 1345 Kathe-

305 1390 366 1444 rina
384 1406 432 1459 pro
444 1389 576 1443 canonico
589 1406 640 1442 suo
657 1390 729 1458 apud
740 1389 860 1456 judicem
874 1389 1032 1449 intercessit,
1045 1396 1074 1442 ut
1091 1389 1254 1444 sententiam
1273 1391 1363 1443 adhuc
1376 1406 1424 1459 per
1435 1406 1539 1444 aunum

307 1489 416 1542 differre
427 1488 592 1557 dignaretur,
610 1493 636 1541 el
648 1487 687 1541 sic
699 1504 728 1541 se
741 1487 785 1541 ille
803 1487 851 1541 illo
869 1489 897 1541 in
916 1505 989 1542 anno
1007 1489 1174 1542 emendaret.
1186 1488 1263 1542 Alius
1281 1495 1375 1542 autem
1391 1490 1543 1558 presbyter,
1562 1506 1592 1557 sp

307 1588 373 1656 quia
381 1589 591 1642 intercessorem
603 1604 659 1640 non
672 1586 775 1650 habuit,
785 1588 874 1656 capite
892 1592 1033 1641 truncatus
1045 1592 1093 1640 est.
1105 1587 1188 1641 Facto
1207 1605 1271 1657 ergo
1289 1604 1372 1641 mane
1390 1588 1543 1656 divinoque

308 1686 400 1740 officio
420 1693 539 1755 peracto,
552 1687 586 1740 ad
607 1703 730 1740 mensam
749 1687 891 1755 presbyter
908 1703 964 1739 non
983 1687 1065 1739 venit.
1083 1688 1122 1740 ne
1139 1704 1195 1754 quo
1214 1688 1366 1741 mirabatur
1382 1686 1543 1741 canonicus

308 1786 469 1855 Capelianus
488 1792 579 1839 autern
599 1786 647 1854 qui
666 1786 755 1838 luerat
774 1786 928 1848 virbonus,
948 1786 1068 1839 narravit
1086 1786 1218 1839 canonico
1236 1803 1287 1839 suo
1308 1786 1444 1840 visionem
1466 1785 1543 1839 illam

220 1939 226 1951 ,
308 1902 392 1954 quam
413 1885 519 1939 viderat
536 1885 564 1938 in
585 1890 680 1947 nocte;
701 1890 784 1953 atque
805 1884 842 1936 ita
862 1884 945 1937 ambo
962 1901 1084 1952 gressum
1104 1901 1184 1938 suum
1203 1886 1383 1939 direxerunt*
1401 1902 1490 1954 usque
1507 1886 1545 1938 ad

251 2006 256 2018 ·
309 1984 423 2037 domum
444 1983 603 2052 presbyteri,
615 2001 733 2052 eumque
753 1989 842 2037 morte
859 1983 1003 2036 subitanea
1021 1983 1180 2037 defunctum
1199 1989 1384 2053 reppererunt.
1401 1984 1463 2051 Quo
1482 1983 1545 2036 riso
1564 2001 1595 2049 η

154 4357 168 4386 *
179 4354 236 4409 cod.

129 4421 272 4476 redieram.

310 2083 468 2150 perterritus
486 2082 641 2145 canonicus,
654 2084 746 2137 onmia
764 2082 898 2137 beneficia
917 2100 965 2135 sua
984 2099 1049 2135 mox
1068 2082 1226 2151 resignari&
1244 2090 1279 2144 et.
1298 2083 1422 2137 ordinem
1442 2082 1546 2136 Cister-

310 2182 430 2235 ciensem
441 2181 554 2241 intrans,
567 2180 594 2233 in
607 2182 681 2235 bono
694 2184 777 2237 vitam
790 2199 868 2236 suani
881 2181 976 2234 sinivit.

351 2387 403 2445 ne
426 2385 585 2456 wem
608 2385 796 2444 meretrice
821 2397 931 2456 snper
956 2397 1065 2455 quam
1088 2384 1210 2455 tmego
1234 2383 1506 2455 gloriosissimae

504 2481 719 2542 Kathsrtnee
738 2482 867 2542 eecldtt
890 2484 1001 2553 atque
1020 2483 1163 2555 penitus
1183 2483 1350 2542 attinnt.

356 2674 413 2731 14.
433 2676 498 2728 Erat
519 2675 646 2728 meretrix
660 2674 784 2742 quaedam
798 2691 859 2742 quie
876 2673 923 2727 tali
937 2673 962 2726 in
976 2672 1107 2741 spurcitia
1120 2689 1168 2741 per
1180 2672 1283 2741 viginta
1294 2689 1382 2726 annos
1394 2674 1548 2741 persistens
1565 2690 1597 2740 ω

313 2772 381 2828 nibil
393 2773 460 2826 boni
473 2773 536 2825 lecit
548 2788 689 2839 umquam,
702 2771 754 2826 nisi
767 2771 820 2823 hoc
832 2772 906 2838 quod
919 2770 1039 2840 vigiliam
1055 2771 1143 2823 beatoe
1154 2769 1311 2823 Kallicrinae
1323 2768 1434 2838 virginis
1446 2770 1548 2825 devote
1563 2834 1567 2839 Ι

311 2872 456 2941 jejunavit;
467 2875 494 2925 et
503 2872 540 2924 ita
549 2872 584 2923 ad
593 2870 735 2924 ecclesiam
748 2871 851 2924 radens
860 2870 978 2923 contrito
988 2870 1071 2923 corde
1080 2868 1205 2938 promisit
1213 2885 1242 2922 se
1252 2868 1322 2922 velle
1330 2869 1489 2931 emendare,
1497 2871 1547 2924 sed

313 2989 422 3040 semper
434 2970 571 3024 recidavit.
584 2971 614 3023 ln
628 2969 758 3023 vicesimo
768 2974 860 3023 autem
873 2985 955 3034 anno,
964 2985 1026 3047 curn
1040 2968 1180 3037 proposito
1190 2966 1390 3021 emendationis
1402 2972 1468 3022 ante
1481 2968 1547 3023 ima·

313 3071 404 3140 qinein
417 3072 504 3123 beata
518 3070 672 3123 llatlrerinre
685 3074 829 3137 prostrata,
842 3070 968 3123 devotius
980 3086 1041 3122 eam
1057 3068 1202 3122 invocabat
1219 3084 1304 3137 seque
1315 3068 1465 3121 emendare
1478 3067 1549 3123 velle

314 3170 429 3223 firmiter
442 3169 574 3239 promisit..
588 3168 734 3222 l'oluntatc
745 3174 836 3222 autem
851 3169 1002 3237 Deiimago
1012 3169 1099 3221 beatae
1108 3167 1264 3220 Katherinae
1282 3182 1382 3243 magna
1392 3182 1548 3235 supeream
1565 3181 1597 3231 n

315 3270 424 3334 corruit,
445 3269 575 3338 illamque
596 3268 753 3336 opprimens
774 3268 863 3321 valide
884 3267 990 3321 occidit.
1011 3268 1044 3321 Et
1063 3283 1126 3320 ecce
1146 3272 1325 3336 canipanator
1347 3266 1382 3319 ad
1404 3282 1548 3335 vesperam

316 3368 424 3438 pulsare
446 3367 549 3441 voleus,
570 3367 673 3420 invenit
692 3384 754 3420 eam
775 3371 922 3421 mortuam.
941 3366 1078 3420 Turbatus
1098 3366 1191 3434 itaque
1210 3364 1318 3419 vocavit
1335 3366 1508 3419 sacerdotem
1521 3370 1551 3419 et

315 3484 427 3523 ornnem
446 3466 576 3536 populum
588 3467 623 3519 ad
643 3466 789 3519 ridendum
802 3466 877 3534 quod
890 3466 991 3519 lactum
1010 3466 1109 3519 luerat.
1126 3464 1259 3518 Sacerdos
1277 3464 1370 3532 itaque
1387 3481 1451 3518 cum
1472 3464 1549 3519 omni

316 3567 426 3638 populo,
438 3572 635 3635 cognoscentes
647 3567 718 3619 hanc
730 3582 790 3618 esse
803 3564 878 3619 illam
890 3566 1071 3622 meretricem.
1081 3566 1168 3619 Deum
1180 3568 1358 3633 sanctamque
1366 3564 1548 3618 Kallierinam

315 3666 472 3735 suppliciter
484 3665 625 3733 rogabant,
638 3670 675 3728 ut,
696 3664 718 3716 si
731 3679 793 3732 spes
814 3663 906 3732 aliqua
919 3664 990 3718 foret
1008 3661 1104 3716 salutis
1120 3663 1154 3715 de
1175 3678 1216 3724 ea,
1233 3662 1442 3715 resuscitaretur
1462 3662 1551 3715 mani·
1566 3674 1597 3725 aa

316 3763 483 3831 testaretque
511 3763 630 3831 qualiter
656 3777 748 3829 quove
777 3762 873 3815 ordine
902 3767 1012 3815 mortua
1038 3760 1129 3831 tuerit,
1159 3759 1226 3826 Quas
1253 3760 1346 3813 statim
1371 3758 1552 3814 miseratione

316 3862 410 3916 divina
430 3878 552 3929 surgens,
563 3860 699 3914 sacerdoti
720 3860 851 3930 omnique
872 3860 973 3929 populo
991 3860 1109 3928 qualiter
1130 3859 1216 3928 ipsam
1238 3859 1265 3911 iu
1287 3858 1412 3911 oratione
1431 3858 1552 3928 positam

317 3962 404 4015 beatae
427 3959 607 4030 gloriosaeque
631 3959 742 4028 virginis
771 3960 927 4013 Katberinae
951 3964 1124 4028 oppresserat
1150 3959 1250 4027 imago,
1275 3956 1414 4011 indicarit.
1439 3957 1554 4012 Addidit

318 4066 449 4129 praeterea
463 4060 604 4127 quomodo
623 4060 705 4112 beata
724 4058 874 4113 Katherina
893 4059 1045 4112 adduxerat
1066 4075 1126 4112 eam
1148 4074 1196 4126 per
1216 4056 1276 4111 loca
1295 4055 1450 4119 tenebrosa,
1462 4062 1554 4111 osten-

319 4160 387 4212 dens
404 4159 429 4211 ci
440 4176 534 4227 poeuas
547 4159 748 4212 damnatorum.
762 4159 877 4226 iusuper
894 4162 921 4211 et
932 4158 1030 4227 gaudia
1043 4158 1067 4211 ei
1080 4155 1280 4210 demonstrarit
1295 4156 1452 4209 beatorum.
1470 4158 1555 4226 [ηιμ-
1572 4168 1603 4219 ns

319 4263 410 4324 travit,
422 4258 467 4323 ait,
483 4262 605 4325 plorioaa
618 4263 691 4324 ricco
709 4261 790 4311 ctiam
803 4276 819 4310 a
832 4275 930 4326 sponso
947 4276 1004 4321 suo,
1023 4258 1140 4311 Domino
1152 4264 1245 4310 arostro
1260 4258 1327 4309 Jesrc
1341 4256 1462 4317 Christo.
1477 4266 1509 4311 art
1519 4259 1558 4311 od

322 4360 403 4410 citam
415 4356 553 4409 redirem*
564 4360 733 4423 faceremque
745 4358 866 4408 connium
874 4363 1046 4423 peccatorum
1059 4371 1176 4407 istrorum
1185 4356 1340 4420 plenariam
1352 4355 1559 4417 confessionem.

322 4455 439 4523 Moxque
449 4460 544 4522 petens
555 4455 655 4507 devote
667 4455 847 4517 sacerdotem,
857 4455 990 4523 integram
1000 4452 1124 4506 omnium
1137 4458 1311 4520 peccatorum
1327 4466 1445 4505 suorum
1458 4452 1561 4508 devote

322 4555 386 4609 fecit
397 4555 606 4608 consessionem.
622 4554 801 4607 Postmodum
814 4553 982 4622 aliquamdiu
995 4553 1181 4621 supervivens.
1194 4551 1221 4604 in
1234 4552 1314 4604 bouis
1325 4552 1461 4618 operibus
1474 4554 1562 4608 uitam

324 4652 439 4715 fideliter
451 4652 547 4705 sinivit.
1582 4662 1613 4716 ω
