3270 5400
330 360 401 432 150
662 382 788 435 caran.
814 384 919 435 cono.
944 382 1223 437 sacrooaaemc.

327 569 465 639 piissimus
476 570 612 625 lordanus
624 589 685 626 curu
699 573 837 639 fratribus,
849 576 884 628 ad
896 575 1061 644 singularem
1074 580 1219 644 patronam
1235 579 1263 627 et
1280 589 1359 642 spem
1376 570 1496 634 unicam.
1508 570 1558 623 vir·

162 672 176 702 ⁸
187 674 244 726 cod.
327 669 417 738 ginem
428 676 553 734 matrem,
563 671 674 725 Mariam
684 656 881 731 dulcissimam.
891 674 1078 743 confugientes
1087 674 1109 729 ⁸.
1119 675 1179 742 ejus
1188 672 1370 743 patrocinium
1381 669 1558 725 devotissime

110 737 295 806 ⁰⁰⁰fussentes·
326 769 494 838 flagitabant.
506 770 536 823 ln
549 771 627 838 cujus
638 771 727 825 laudis
739 773 905 841 praeconium
918 773 1091 842 propriaeque
1109 772 1305 827 consolationis
1316 776 1345 826 et
1356 770 1454 825 salutis
1464 768 1558 821 sulda-

326 868 400 937 gium
413 873 567 923 statuerunt
578 876 608 923 ut
620 877 681 939 post
691 871 907 941 Completorium
926 872 1067 926 sollemnis
1085 873 1163 925 ficret
1174 871 1313 941 processio
1332 886 1395 924 cum
1408 868 1558 937 antipbom

328 969 339 992 “
354 968 431 1021 Solae
442 969 547 1035 Region
562 1011 572 1031 „
589 974 616 1023 et
626 970 684 1037 ejus
697 972 830 1024 oratione.
843 971 968 1039 Suscepit
979 971 1123 1039 dignanter
1134 970 1238 1039 Regina
1250 969 1310 1023 coeli
1325 974 1392 1023 vota
1403 965 1560 1029 humilium,
1573 975 1587 1024 t

326 1066 553 1122 calumniatorem
566 1085 616 1122 sua
627 1069 811 1138 supercoelesti
829 1070 930 1123 virtute
943 1069 1093 1123 humilians
1105 1076 1133 1123 et
1144 1071 1293 1123 refrenans.
1305 1068 1406 1121 Statim
1417 1065 1493 1121 enim
1505 1080 1559 1119 ces

326 1182 421 1219 savere
432 1167 625 1235 phantasmata
634 1173 662 1221 et
672 1169 761 1222 vexati
771 1169 858 1222 curati
870 1174 945 1232 sunt;
956 1169 1094 1237 fraterque
1104 1169 1224 1237 quidam.
1234 1168 1307 1222 tilius
1317 1167 1397 1235 regis,
1407 1162 1558 1236 aphrenesi

63 1318 65 1323 .
160 1266 243 1320 ¹'cod
326 1266 453 1328 Parisius
475 1269 543 1321 alter
560 1286 670 1337 quoque
689 1286 704 1321 a
725 1270 849 1322 daemone
870 1268 1001 1322 Bononiae
1023 1268 1130 1322 liberati
1151 1273 1222 1323 sunt.
1243 1267 1386 1336 multaque
1399 1268 1413 1295 ⁸
1431 1265 1559 1335 deinceps

131 1331 273 1400 mutaque-
325 1364 419 1419 Ordini
434 1384 563 1436 prospera
575 1373 778 1421 succreverunt.

633 1576 685 1631 De
704 1571 910 1644 acceptione
933 1573 1092 1644 ejusdem
1113 1568 1246 1630 laudis.
1576 1568 1604 1615 ⁸⁰

365 1756 424 1816 26.
449 1761 651 1830 Beneplacilum
670 1767 762 1815 aulem
776 1762 833 1816 Deo
853 1761 1007 1831 virginique
1024 1762 1105 1814 matri
1124 1762 1182 1829 ejus
1201 1758 1361 1827 hujusmodi
1376 1756 1561 1828 processionis

325 1858 529 1911 venerationem
542 1874 689 1912 concursus
702 1859 874 1927 populorum,
884 1859 948 1911 cleri
965 1858 1084 1914 devotio.
1094 1857 1187 1909 dulces
1205 1856 1332 1920 lacrimae,
1346 1857 1392 1925 pia
1404 1853 1525 1924 suspiria
1535 1858 1562 1907 el

325 1957 503 2009 ammiranda
524 1956 642 2010 visiones
660 1957 806 2011 declarant.
820 1958 952 2011 Viderunt
972 1972 1092 2025 namque
1109 1971 1227 2024 quorum
1246 1955 1320 2008 Deus
1340 1953 1451 2023 aperuit
1467 1952 1563 2006 oculos

325 2054 459 2122 Reginam
472 2055 531 2108 eceli
544 2072 560 2107 a
577 2056 678 2109 throno
689 2056 781 2124 gloriae
794 2073 854 2109 cum
873 2072 1055 2124 supernorum
1068 2054 1243 2108 multitudine
1255 2054 1290 2106 ad
1309 2054 1369 2121 ejus
1387 2053 1479 2106 altare
1490 2066 1564 2119 egre·

326 2153 464 2207 clientibus
482 2153 611 2207 fratribus
628 2160 824 2208 occurrentem.
842 2155 935 2208 Astitit
956 2155 1037 2208 etiam
1057 2158 1196 2222 gratanter
1214 2169 1311 2206 eorum
1330 2150 1471 2215 laudibus,
1490 2151 1566 2219 ipsos
1581 2160 1610 2209 te

326 2251 444 2320 benigno
456 2252 605 2320 respiciens
615 2253 713 2307 iutuitu
726 2254 928 2322 clementerque
939 2257 1003 2306 vota
1015 2253 1174 2321 suscipiens.
1187 2268 1250 2305 cum
1264 2250 1431 2304 inclinantes
1443 2249 1457 2274 “
1473 2250 1565 2303 ΟΜ-

325 2352 365 2402 cie
377 2350 471 2403 Maria
481 2391 494 2414 η
508 2356 644 2403 canerent.
654 2350 801 2404 Benedicta
812 2352 883 2404 inter
894 2350 1023 2403 mulieres
1035 2349 1179 2403 inclinatos
1192 2348 1311 2402 famulos
1320 2347 1474 2410 benedixit,
1482 2360 1565 2400 suum

113 2446 191 2501 *cod
204 2448 301 2516 capud.
325 2447 391 2516 ipsis
403 2451 507 2517 caput*
521 2450 613 2517 regina
625 2451 768 2518 majestate
779 2449 1038 2503 excellentissimum
1052 2448 1223 2502 reinclinans
1237 2448 1334 2516 ltaque
1346 2463 1411 2501 curn
1432 2444 1566 2500 venienti·

325 2547 378 2601 bus
388 2547 474 2601 Mater
486 2548 561 2617 virgo
575 2549 649 2602 venit
664 2555 691 2601 et
708 2565 770 2602 cum
788 2549 925 2601 stantibus
942 2548 1019 2601 stetit
1036 2552 1064 2601 et
1082 2563 1144 2600 cum
1163 2546 1367 2600 revertentibus
1384 2550 1428 2599 est
1445 2560 1567 2598 reversa.

325 2645 415 2713 Quam
433 2647 498 2700 felix
514 2647 561 2701 illa
579 2648 693 2700 fratrum
712 2648 894 2717 congregatio.
906 2663 989 2715 quam
1003 2648 1103 2701 devote
1115 2647 1252 2701 celebrata
1264 2645 1426 2715 processio!
1437 2644 1492 2699 Cui
1503 2658 1567 2698 cum
1582 2653 1614 2703 w

326 2744 418 2813 regina
436 2762 485 2799 sua
504 2751 560 2799 tam
579 2752 735 2800 reverenter
751 2747 868 2799 occurrit
885 2746 1118 2809 coelestisconcio,
1131 2751 1225 2799 ettam
1244 2744 1394 2813 magnilica
1411 2743 1570 2797 sanctificat

326 2844 420 2897 matris
432 2845 481 2897 Dei
494 2844 663 2899 benedictio!
675 2846 730 2900 Osi
742 2852 770 2899 et
779 2863 829 2899 nos
842 2846 966 2914 indignos
976 2846 1095 2900 famulos
1107 2862 1172 2898 suos
1184 2845 1232 2898 tali
1246 2844 1335 2913 gralia
1344 2842 1459 2897 visitare
1468 2848 1500 2898 et
1511 2842 1569 2897 ittu-

326 2947 412 2995 strare
425 2943 550 3011 dignetur
560 2945 635 3013 virgo
644 2950 758 3007 sacrato,
767 2950 805 3008 ut,
816 2945 1010 2999 benedicentes
1022 2960 1123 2998 nomen
1137 2945 1196 3011 ejus
1205 2944 1233 2997 in
1245 2943 1336 3007 laude,
1347 2943 1381 2997 de
1395 2941 1570 3012 plenitudine

327 3040 478 3094 dulcedinis
491 3042 574 3110 ipsius
586 3043 823 3098 benedictionibus
835 3044 996 3112 repleamur.
1009 3043 1050 3096 dd
1064 3041 1283 3112 Completorium
1295 3041 1378 3110 igitur
1396 3044 1569 3095 conventum

327 3141 408 3194 facite
426 3157 522 3194 omnes
539 3144 587 3210 qui
604 3143 715 3211 diligitis
735 3160 805 3203 earrr,
823 3149 852 3197 ut
871 3143 898 3196 in
915 3159 963 3195 ore
982 3143 1106 3196 omnium
1128 3142 1216 3195 dulcis
1233 3145 1344 3195 resonet
1361 3156 1451 3194 sonus
1463 3140 1572 3207 fiatque
1586 3144 1617 3195 Β

325 3238 447 3305 jocunda
457 3239 577 3293 laudatio
590 3241 707 3309 l'irginis
719 3246 745 3295 et
757 3242 864 3295 decora.
873 3241 1046 3295 circumdate
1057 3241 1211 3307 speciosam
1225 3245 1252 3293 et
1264 3238 1487 3308 complectimini
1498 3254 1571 3292 eam.

328 3338 511 3394 visitaverim
524 3346 550 3394 ei
565 3341 670 3410 colligal
685 3342 886 3395 circumdantes
898 3343 1017 3395 sellores
1029 3358 1154 3395 rosarum
1165 3339 1258 3394 allilia
1268 3338 1447 3393 convallium.
1460 3338 1571 3392 Patien-

329 3441 368 3489 tes
378 3437 406 3490 in
418 3438 566 3492 afflictione
576 3439 729 3493 consolans.
738 3446 763 3492 et
774 3440 913 3493 laetificans
923 3440 1082 3493 innocentes
1095 3440 1167 3493 etde
1179 3455 1208 3492 se
1222 3437 1340 3492 humilia
1351 3438 1517 3491 sentientes.
1529 3435 1571 3490 lbi

327 3537 507 3605 presentibus
520 3539 691 3606 praesentiam
705 3555 782 3591 suam
793 3540 872 3591 offert
885 3543 911 3591 et
921 3538 1139 3592 benedictionem
1152 3538 1272 3599 confert;
1284 3538 1418 3590 absentes
1431 3552 1502 3590 vero
1511 3536 1572 3589 siue

329 3651 412 3688 causa
432 3641 460 3688 et
481 3641 691 3704 extravagantes
716 3636 777 3689 talis
800 3636 993 3690 beneficiorum
1018 3636 1141 3689 suavitas
1163 3651 1219 3688 non
1241 3634 1390 3701 continget
1417 3632 1470 3687 Eia
1497 3648 1573 3702 ergo.
1590 3637 1621 3686 st

329 3750 346 3785 o
356 3732 443 3786 dulcis
454 3733 527 3790 lesu.
539 3733 573 3786 de
586 3734 752 3787 vanitatibus
764 3740 918 3802 segregatos
930 3750 961 3785 ac
974 3732 1204 3794 distractionibus
1216 3747 1354 3800 congrega
1366 3747 1429 3795 nos,
1440 3736 1475 3785 ul
1487 3730 1573 3785 conli-

330 3835 437 3883 teamur
449 3831 553 3884 nomini
568 3837 616 3884 luo
628 3836 654 3885 et
668 3832 694 3884 in
707 3832 823 3899 Virginis
835 3832 928 3884 matris
942 3832 1020 3884 laude
1030 3837 1058 3884 ct
1070 3836 1117 3884 tua
1129 3830 1278 3899 gloriemur
1290 3834 1434 3899 perpetua

352 4030 517 4100 Qualttm
537 4034 685 4091 sanctam
705 4035 812 4103 pater
832 4034 957 4091 domno
977 4046 1095 4105 papae,
1120 4032 1284 4091 omnihus
1307 4030 1446 4100 emtus
1467 4030 1553 4090 fult.

373 4216 431 4275 27.
453 4222 547 4273 {restat
565 4237 636 4274 nunc
655 4227 686 4274 ut
707 4221 789 4288 ipsius
809 4228 947 4289 gestorum
967 4221 1081 4288 iusignia
1099 4222 1253 4289 diligentius
1273 4237 1491 4289 praesequantur.
1511 4224 1578 4278 Erat

333 4331 452 4382 namque
462 4357 500 4368 .....
514 4317 640 4385 (Reliqua
653 4320 768 4373 denmtt.
1596 4330 1626 4379 aa
