3270 5400
364 356 414 429 to
699 376 826 427 ciria.
851 376 956 426 cono.
982 373 1258 426 naeiounarmc.

367 566 414 621 diu
434 566 644 635 perenniterque
660 565 760 619 valere.
777 567 885 620 Etenim
902 571 980 635 pater
996 569 1058 635 pius
1078 572 1270 636 protectorque
1286 572 1381 620 noster
1397 566 1533 631 assiduus,
1549 567 1596 621 hic

368 665 488 719 domnus
502 669 596 733 pastor
607 665 730 728 Amatur,
741 665 811 719 sicut
825 665 996 734 privilegium
1007 667 1081 735 apud
1092 683 1144 720 nos
1155 666 1285 720 manendi
1294 669 1377 727 tenet,
1389 666 1428 718 ita
1439 664 1497 719 roti
1508 664 1596 718 nostri

368 765 516 819 commoda
526 764 630 818 meritis
639 766 712 833 apud
723 765 812 818 Deum
824 766 937 828 othnet,
948 782 1019 834 quos
1031 766 1193 819 miseranter
1201 764 1303 819 enutrit
1313 771 1341 818 et
1352 765 1437 827 foret,
1448 765 1516 819 dum
1525 766 1597 820 forte

370 864 432 918 vioe
441 870 469 917 et
479 865 637 933 dogmatum
649 880 762 919 suorum
772 866 924 919 imitatores
936 865 1017 918 ridet
1023 865 1108 933 Cujus
1115 882 1178 918 cuin
1190 865 1238 918 filii
1248 865 1342 929 simus,
1351 870 1383 919 ut
1391 870 1469 919 tanto
1479 870 1596 933 patrono

369 963 443 1030 digni
454 963 541 1017 simus
552 963 693 1033 invigilare
701 965 843 1018 debemus
853 965 948 1032 Atqui
960 965 1032 1017 circa
1041 965 1101 1032 ejus
1112 964 1288 1033 reliquiarum
1300 964 1432 1018 excubias
1442 965 1536 1020 studio
1547 966 1597 1020 fer·
1614 959 1629 1007 5

370 1078 442 1124 rere,
450 1062 585 1116 famulatu
596 1064 734 1117 deservire
742 1063 884 1132 exigimur,
892 1064 967 1132 quod
979 1064 1073 1117 docuit
1083 1080 1140 1117 non
1151 1063 1291 1132 derogare,
1302 1064 1378 1132 quod
1389 1064 1456 1117 boni
1468 1069 1598 1133 operatus

370 1166 481 1215 estnon
496 1177 604 1231 negare,
621 1179 746 1216 suescere
762 1179 858 1216 rerum
873 1163 951 1231 sequi
966 1168 995 1217 et
1009 1163 1124 1232 implere
1140 1164 1307 1216 contendere
1321 1164 1503 1232 precipimur.
1513 1164 1598 1232 Cujus

371 1261 444 1315 riam
456 1265 550 1313 tenere
560 1261 626 1328 quid
643 1261 719 1315 aliud
735 1267 777 1315 est
793 1279 878 1330 quam
895 1267 969 1316 recto
987 1262 1084 1315 itinere
1100 1278 1213 1331 regnum
1228 1262 1360 1316 caelorum
1372 1263 1539 1331 penetrare?
1555 1264 1598 1318 Ad

370 1360 444 1429 quod
462 1360 605 1428 pervenire
622 1361 669 1414 dat
685 1361 802 1415 imitatio
819 1367 976 1415 sanctorum
994 1363 1065 1414 ritae.
1081 1362 1152 1416 11133
1168 1378 1233 1431 ergo
1248 1363 1306 1430 jam
1324 1378 1374 1431 pro
1394 1379 1477 1431 posse
1494 1367 1598 1425 nostro,

370 1459 457 1528 gratia
468 1459 571 1524 salutis,
582 1465 721 1528 gestorum
733 1460 807 1515 illius
818 1461 911 1530 aliqua
922 1465 1077 1529 pertentare
1094 1462 1165 1514 ratio
1177 1460 1250 1530 cogit
1261 1477 1367 1531 inagna
1379 1461 1408 1515 in
1420 1461 1467 1515 illo
1484 1461 1601 1516 fiducia.
1617 1451 1627 1498 ⁴

414 1655 446 1714 6.
468 1658 568 1711 lacmrr
577 1672 739 1709 33333333
747 1671 833 1708 suari
843 1653 1199 1722 ¹.lgiturbeatus¹dmatus
1208 1659 1273 1708 ante
1281 1652 1373 1707 secula
1382 1653 1601 1721 praedestinatus,

373 1756 401 1810 in
410 1755 464 1809 fine
476 1758 568 1808 autem
579 1751 712 1821 temporis
721 1752 816 1805 ordine
825 1768 945 1820 congruo
958 1756 1079 1812 vocatus,
1091 1767 1124 1804 ex
1137 1751 1292 1804 christianis
1305 1756 1332 1804 et
1345 1751 1427 1818 justis
1439 1750 1601 1819 parentibus

373 1854 488 1908 feliciter
499 1857 580 1906 natus
591 1852 611 1915 ⁸,
627 1851 742 1905 feliciter
752 1851 884 1905 educatus
895 1850 954 1903 fuit.
971 1849 1023 1917 Qui
1036 1852 1107 1904 inter
1123 1851 1182 1918 ipsa
1198 1851 1335 1920 primaerae
1346 1850 1435 1903 aetatis
1452 1850 1602 1918 crepundia

373 1966 492 2019 superna
501 1949 670 2018 praesignitos
680 1950 775 2017 gratia,
784 1949 893 2001 futurus
901 1947 1051 2000 admodum
1062 1947 1209 2014 putabatur
1217 1946 1330 2011 deicola,
1338 1952 1371 2000 ut
1382 1947 1446 2000 olim
1459 1947 1602 2000 «lohannes

374 2048 506 2102 Altissimi
524 2048 666 2116 propheta,
683 2048 749 2100 dum
766 2046 794 2100 in
806 2047 886 2100 annis
903 2045 1060 2114 puerilibus,
1071 2047 1191 2114 quadam
1208 2045 1287 2115 quasi
1298 2046 1312 2079 ⁴
1323 2045 1513 2113 praerogativa,
1530 2044 1629 2098 solli-l

375 2149 445 2202 citos
456 2163 564 2215 semper
579 2163 642 2214 erga
653 2161 769 2214 quaque
782 2146 945 2199 ridebatur¹
956 2146 1081 2198 honesta.
1093 2145 1177 2213 Cujus
1189 2144 1228 2199 rei
1245 2161 1328 2198 causa
1339 2144 1492 2198 litterarum
1505 2143 1603 2197 studiis

375 2246 491 2301 traditus
502 2245 642 2299 scholares
653 2245 710 2298 3133
721 2245 822 2298 meruit
838 2245 866 2298 in
883 2245 950 2313 ipsa,
967 2249 999 2298 31
1010 2244 1048 2298 113
1060 2244 1164 2297 dictum
1181 2244 1224 2308 sit,
1242 2243 1367 2313 pueritia.
1385 2243 1483 2296 altiora
1500 2243 1604 2297 scilicet

375 2347 486 2415 capiens
498 2350 525 2398 et
534 2361 642 2398 coaevos
653 2344 681 2398 in
692 2344 806 2398 scientia
817 2343 982 2412 praecellens.
995 2344 1118 2412 Denique
1130 2345 1141 2369 ⁸
1152 2343 1258 2412 optarit
1270 2347 1297 2396 et
1309 2343 1389 2396 datus
1401 2346 1443 2396 est
1454 2342 1480 2395 ei
1491 2358 1603 2405 sensus;

377 2443 515 2497 invocavit
523 2448 550 2497 et
559 2442 634 2496 venit
644 2442 671 2495 in
681 2458 710 2495 se
720 2441 880 2510 ¹sapientiae
892 2442 1010 2510 spiritus.
1022 2483 1033 2506 ,
1047 2441 1108 2507 Quo
1120 2440 1186 2510 quia
1194 2456 1260 2493 usus
1269 2444 1318 2504 est,
1331 2438 1467 2508 particeps
1476 2438 1604 2494 amicitiae

376 2542 426 2597 Dei
443 2543 532 2596 factus
549 2541 627 2595 3311.
644 2541 722 2596 Unde
739 2541 791 2595 sub
811 2540 959 2595 christiana
976 2540 1146 2608 professione
1162 2556 1179 2592 3
1196 2539 1245 2593 1311
1262 2539 1350 2592 dictus
1367 2538 1484 2592 Amatus
1501 2554 1605 2601 amore,
1623 2542 1635 2573 1

376 2640 556 2695 amicabiliter
573 2639 674 2694 Christi
691 2640 829 2693 mandatis
845 2638 950 2693 curarit
966 2638 1107 2708 invigilare
1124 2643 1152 2691 et
1172 2638 1216 2691 die
1237 2643 1372 2706 nocteque
1393 2637 1451 2691 ⁸in
1470 2636 1539 2706 legis
1556 2637 1606 2692 Dei

378 2740 513 2794 meditans
524 2739 724 2802 observatione,
733 2738 861 2792 discendo
874 2738 1076 2806 beneplacitum
1092 2737 1209 2790 Domino
1220 2738 1232 2772 1
1249 2753 1309 2791 3333
1320 2736 1448 2790 recedere
1460 2736 1496 2789 ab
1508 2735 1606 2804 iniqui-

378 2842 442 2900 tate,
451 2839 486 2891 ab
500 2838 523 2873 ¹⁰
534 2838 608 2893 omni
621 2855 650 2892 se
662 2836 767 2892 malitia
776 2837 863 2891 voluit
874 2837 994 2890 alienum
1009 2835 1107 2898 facere,
1120 2835 1199 2889 dolos
1214 2840 1242 2888 et
1254 2834 1277 2868 11
1290 2834 1502 2902 conjurationes,
1511 2833 1607 2888 odium

378 2941 406 2990 et
414 2936 627 2991 obtrectationes
635 2939 749 3006 fugiens,
759 2937 945 3004 invidiamque
954 2952 1017 2989 cum
1027 2935 1067 2989 ira
1076 2940 1104 2988 et
1112 2935 1188 2988 omni
1197 2934 1385 2988 malivolentia
1394 2950 1451 2988 333
1460 2933 1607 3003 attingens.

379 3034 563 3102 0333311313
576 3035 622 3089 illo
630 3034 899 3103 fervebatsapientia.
907 3038 1033 3087 cunctam
1045 3032 1172 3086 vincebat
1181 3031 1205 3066 11
1214 3031 1357 3096 malitiam,
1366 3047 1504 3099 suumque
1517 3035 1607 3084 custo·
1626 3036 1635 3064 ²

379 3133 456 3187 diens
468 3132 610 3188 alumnum
623 3138 708 3188 totam
721 3134 816 3202 procul
828 3133 863 3186 ab
873 3149 906 3186 eo
916 3131 939 3165 ¹¹
947 3130 1068 3199 pellebat
1078 3129 1243 3199 nequitiam.

420 3232 453 3289 ’1.
476 3231 524 3285 1113
533 3233 543 3266 ¹
553 3247 616 3285 eum
625 3230 762 3284 instruens
771 3228 933 3282 sacrificium
941 3228 1068 3290 salutare,
1080 3227 1210 3280 mandata
1221 3224 1292 3279 ¹Dei
1304 3225 1422 3278 docebat
1432 3224 1444 3258 ¹
1456 3224 1608 3278 attendere.

379 3331 477 3400 Sisque
487 3326 738 3398 magistrascientia
750 3325 870 3389 edoctus,
879 3323 1029 3377 sanctitatis
1038 3340 1068 3376 se
1077 3322 1192 3376 contulit
1200 3322 1337 3390 operibus.
1346 3321 1475 3387 Quotidie
1487 3337 1609 3391 namque

379 3429 504 3484 sedulum
523 3428 574 3496 pia·
591 3425 730 3480 servitutis
747 3424 868 3478 officium
889 3423 1030 3486 exhibens,
1048 3423 1075 3476 in
1093 3421 1198 3490 vigiliis
1210 3421 1238 3475 in
1253 3421 1372 3488 jejuniis,
1390 3421 1419 3475 in
1436 3421 1609 3474 orationibus

380 3527 572 3598 frequentabat
592 3524 707 3580 inveniri
724 3525 737 3558 ⁴
753 3528 873 3592 paratus.
892 3522 1067 3576 Lectionibus
1085 3521 1169 3575 sacris
1190 3521 1320 3583 intentus,
1345 3519 1489 3588 colloquiis
1509 3519 1610 3574 divinis

380 3624 834 3690 3333313331ὺί11333113311131331
845 3627 872 3676 31
884 3623 1016 3691 proximis
1026 3621 1172 3690 aptabatur
1181 3621 1216 3674 ad
1226 3624 1404 3689 augmentum
1414 3620 1508 3688 gratiae
1517 3636 1610 3674 neces·

380 3725 467 3779 aurius
482 3725 502 3778 ¹.
514 3724 649 3779 Omnibus
660 3723 790 3778 nimirum
802 3726 833 3776 ut
847 3725 954 3791 poterat
969 3720 1106 3789 proficuus
1117 3719 1170 3772 hos
1181 3718 1334 3772 instruebat
1347 3717 1520 3772 documentis
1532 3718 1610 3773 nobi·

380 3825 465 3888 libus;
479 3824 540 3878 illos
548 3841 613 3878 vcro
623 3821 764 3892 condignis
772 3820 911 3875 reficiebat
923 3820 1105 3888 eleemosynae
1115 3816 1369 3873 ministrationibus.

422 3921 455 3981 8.
476 3921 589 3977 Talibus
601 3936 664 3991 ergo
679 3917 777 3973 studiis
790 3918 800 3951 ¹
812 3916 950 3971 animatus
961 3916 1096 3969 honorem
1110 3914 1266 3983 concupivit
1281 3913 1433 3977 clericatus,
1445 3917 1529 3980 atque
1540 3918 1612 3968 sata·

414 4113 488 4170 lium.
501 4113 524 4168 11.
538 4141 568 4152 -
581 4114 591 4147 ¹
603 4112 716 4166 rubrica
728 4113 868 4180 desumpta
880 4127 913 4163 ea
924 4110 955 4172 2;
970 4111 1061 4162 eadem
1072 4115 1109 4162 eat
1120 4110 1151 4161 ia
1162 4108 1185 4169 3,
1198 4110 1246 4176 qai
1255 4115 1343 4161 tamea
1360 4109 1438 4161 addit
1449 4106 1573 4175 episcopi
1584 4111 1613 4161 et

382 4195 554 4260 confessoris,
563 4194 641 4261 cujus
650 4191 784 4246 festivitas
794 4195 835 4245 est
844 4198 906 4245 313ο
915 4189 956 4243 111.
965 4189 1136 4244 Novembris.
1146 4190 1231 4242 Natta
1240 4191 1353 4243 rubrica
1363 4192 1392 4242 r‘n
1403 4187 1613 4255 1,1.-1(1.1).)

382 4281 464 4334 Sacer
474 4280 498 4332 3.
508 4278 560 4316 -⁸
572 4275 686 4330 feliciter
697 4279 778 4329 natus
790 4276 852 4327 add.
864 4291 898 4327 aa
908 4273 961 4327 14.
975 4272 1027 4310 —t
1039 4272 1075 4341 (q.
1088 4271 1124 4340 q.)
1135 4271 1213 4341 quasi
1223 4271 1343 4339 quadam
1353 4269 1614 4332 1,3.-131(131)33·

382 4368 427 4417 tur
438 4363 462 4415 a.
474 4391 506 4401 —-
517 4360 634 4413 1333311.
646 4385 678 4397 -
687 4357 699 4391 ¹
708 4357 742 4422 (3.
753 4357 783 4409 D.
794 4356 811 4410 f.
821 4356 855 4422 3.)
868 4357 886 4409 f.
895 4372 918 4409 e.
928 4371 952 4408 a.
962 4355 993 4408 D.
1004 4355 1028 4408 3.
1040 4382 1072 4392 -—
1084 4354 1097 4388 ⁸
1108 4359 1246 4422 noctuque
1257 4354 1281 4416 3,
1292 4354 1317 4407 4.
1329 4382 1361 4390 -
1373 4354 1386 4388 ⁹
1398 4352 1456 4406 Deo
1468 4353 1538 4407 1.-
1550 4353 1614 4406 1131

383 4446 418 4501 ub
431 4442 625 4498 a-110ma.
639 4469 660 4478 -
680 4439 704 4474 ¹¹
713 4438 797 4492 vincit
805 4439 829 4502 3,
837 4439 861 4492 4.
872 4465 902 4476 -
916 4437 939 4472 ¹³
948 4436 993 4502 (ab
1005 4436 1049 4502 33)
1059 4439 1121 4491 add.
1131 4454 1164 4490 ea
1174 4437 1199 4490 3.

415 4524 489 4581 1133).
501 4523 525 4579 l.
537 4553 569 4562 -
582 4524 591 4557 ¹
606 4521 667 4588 (Illa
675 4519 1008 4585 eum-ministrationibus)
1021 4523 1075 4573 ar’ae
1083 4527 1154 4573 13133
1165 4537 1238 4572 aum.
1251 4520 1266 4573 7
1278 4536 1327 4574 om.
1339 4518 1363 4584 1,
1372 4520 1396 4571 3.
1408 4545 1440 4556 -
1452 4516 1616 4571 ¹mandatis

382 4610 406 4664 4.
416 4608 468 4647 -1
480 4606 589 4661 dicebat
599 4605 624 4659 t.
636 4603 689 4642 -⁴
701 4607 740 4658 r'ta
749 4604 780 4667 4;
793 4590 922 4656 invenire‘
930 4604 953 4666 1,
965 4602 989 4665 1,
998 4602 1022 4655 3.
1034 4629 1065 4639 -
1077 4600 1089 4635 ¹
1099 4603 1198 4668 forsan
1205 4617 1260 4669 pro
1269 4598 1445 4668 justissimus.
1454 4598 1508 4639 -1
1520 4614 1617 4653 neces·

383 4691 484 4747 sarium
496 4691 521 4744 t.

415 4771 489 4828 11333
501 4771 525 4827 8.
535 4800 567 4811 -
577 4771 588 4807 ¹
599 4768 724 4833 (Talibus
733 4783 756 4823 3.
765 4768 797 4836 3.)
810 4766 870 4822 ’1311
879 4782 943 4836 ergo
952 4765 1053 4821 virtute
1062 4764 1086 4820 1.
