3338 5394
420 377 512 427 arna.
530 376 612 459 nno..
631 377 805 428 nnnxnnn.
826 399 872 408 -
891 379 972 430 con.
990 369 1028 429 n⁰
1045 379 1121 429 orso.
1316 358 1389 431 tab

153 565 244 618 etiam
261 565 465 633 contemplatus
477 565 699 631 obliviscebatur,
716 568 792 636 quod
806 569 872 621 dum
886 573 1060 637 torqueretur
1077 569 1215 637 pendebat
1227 570 1254 622 in
1270 569 1390 637 equuleo

155 679 320 731 suspensus.
332 664 418 718 lussit
435 670 567 733 praeterea
579 666 722 734 preelectus
734 665 876 735 lampades
892 668 1020 721 ardentes
1035 667 1168 721 lateribus
1181 668 1241 736 ejus
1253 667 1391 738 applicari.

154 762 272 816 Sanctus
291 780 357 816 rero
370 764 419 817 Dei
431 764 553 817 famulus
564 765 650 821 dixit:
674 767 740 819 l'ere
757 768 817 820 dico
824 785 876 835 per
885 784 980 821 nomen
997 768 1110 820 Domini
1125 771 1178 819 mci
1192 769 1261 821 Jesu
1280 769 1391 832 Christi,

156 864 224 930 grcia
236 864 307 915 nillil
322 864 421 915 borum
433 880 491 931 prere
508 865 576 916 rrrr'bi
586 881 603 916 u
621 872 645 916 tc
660 867 803 930 tyrannice
820 867 981 930 informetur
996 868 1089 918 scedio.
1105 866 1239 918 Erubesce
1250 868 1312 931 jam
1330 883 1389 919 cum

117 968 137 1017 ⁸
153 969 232 1028 petre
240 971 287 1015 tuo
299 963 411 1016 diabolo
423 966 472 1031 qui
484 965 583 1015 incasit
599 980 645 1016 cor
653 972 739 1028 ticum,
750 967 820 1017 sicut
831 972 855 1017 et
866 966 988 1017 omnium
999 965 1032 1017 ab
1043 966 1091 1017 illo
1102 967 1280 1017 scdrcctorum,
1292 964 1389 1017 Statim

155 1061 304 1129 praelectus
316 1061 430 1114 dictavit
449 1077 512 1115 eum
526 1061 637 1130 capitali
653 1061 790 1115 sententia
806 1062 1029 1131 extinguendum.
1041 1063 1074 1116 Et
1082 1063 1164 1116 ducto
1183 1078 1216 1116 eo
1228 1079 1244 1115 a
1255 1062 1390 1117 militibus

155 1159 245 1229 longe
257 1160 293 1214 ab
303 1161 380 1219 urbe.
392 1162 527 1214 accedens
538 1161 688 1230 spiculator
699 1167 783 1230 caput
793 1162 853 1229 ejus
863 1162 1024 1231 amputarit
1035 1162 1069 1216 Et
1085 1161 1181 1215 relicto
1198 1160 1313 1231 corpore
1325 1179 1390 1215 con-

154 1259 272 1314 scientia
282 1260 365 1328 hujus
377 1260 488 1314 sceleris
496 1261 620 1314 comitati
629 1261 768 1315 redierunt
777 1262 811 1315 ad
823 1278 904 1315 suum
912 1262 1081 1330 praelectum,
1089 1261 1221 1315 iacientes
1229 1261 1389 1331 participem

154 1359 197 1413 sui
207 1364 299 1412 reatus
312 1365 340 1412 et
351 1376 406 1413 non
419 1360 510 1414 solum
522 1360 684 1429 participem
698 1361 745 1413 sed
758 1366 785 1413 et
796 1366 947 1414 auctorem.

101 1463 137 1513 tb
197 1457 232 1512 6.
256 1458 344 1512 Nocte
356 1464 450 1513 autem
468 1460 533 1512 dum
547 1466 639 1513 essent
650 1460 752 1514 ibidem
766 1465 857 1514 nautoe
868 1459 1008 1522 Alfrimni
1020 1460 1095 1513 eires
1107 1459 1243 1525 liezacini,
1256 1460 1389 1529 aliquanti

155 1572 254 1611 eorum
268 1564 465 1627 cognoscentes
477 1576 540 1613 euni
555 1576 588 1612 ex
603 1577 653 1614 sua
669 1560 786 1629 patriam
799 1566 889 1613 ortum
909 1560 1003 1625 luisse,
1015 1563 1164 1629 rapuerunt
1174 1575 1273 1627 corpus
1283 1559 1350 1627 ejus,
1362 1563 1390 1611 et

155 1657 331 1711 involventes
343 1657 410 1710 illud
426 1658 636 1712 linteaminibus
648 1659 759 1712 mundis
769 1675 832 1712 cum
844 1658 1023 1719 aromatibus,
1035 1658 1199 1712 invenerunt
1210 1657 1390 1726 sarcofagum,

155 1760 185 1808 et
200 1756 239 1809 ibi
255 1772 317 1809 eum
332 1763 497 1826 reponentes
514 1758 683 1826 scripserunt
699 1758 733 1810 ad
746 1762 828 1826 caput
842 1758 901 1825 ejus
918 1758 1041 1812 dicentes
1053 1778 1060 1811 ε
1073 1757 1084 1783 ¹
1098 1758 1148 1810 Dar
1159 1773 1193 1811 rr
1205 1757 1318 1811 Cnnrsrr
1328 1757 1389 1810 lesu

156 1855 413 1919 rrunacsblannus,
430 1873 484 1909 noc
503 1873 621 1910 securum
640 1874 693 1910 eno
711 1858 823 1911 Cusum
840 1874 900 1913 rme
918 1874 1083 1922 nnarnounrs,
1095 1873 1178 1911 rrrrrr
1191 1873 1323 1911 arcannii
1339 1873 1389 1911 ran

106 1957 140 2006 ts
161 1969 321 2006 urarrmuu
333 1969 491 2016 acorrsrrrr.
504 1995 515 2018 ,
529 1954 595 2007 Post
614 1953 771 2023 aliquantos
783 1955 841 2008 dies
853 1955 959 2009 occulte
976 1955 1067 2024 ipsum
1084 1956 1258 2024 sarcofagum
1270 1955 1389 2009 insuam

156 2054 251 2107 navim
263 2069 359 2105 omnes
371 2057 463 2106 nautae
473 2053 643 2107 unanimiter
652 2054 820 2108 levaverunt.
829 2054 909 2122 Quod
919 2055 1022 2109 iactum
1031 2055 1079 2109 ubi
1087 2054 1212 2124 pervenit
1223 2054 1259 2108 ad
1270 2055 1390 2124 preelecti

157 2152 275 2207 Celerini
292 2152 429 2214 notitiam,
447 2153 538 2206 iratus
556 2153 639 2220 jussit
658 2170 755 2207 omnes
772 2160 871 2208 nautas
881 2154 1087 2223 comprehendi.
1099 2154 1160 2222 Quo
1180 2154 1275 2208 audito
1293 2171 1390 2208 omnes

158 2252 287 2319 ingerunt
299 2256 326 2304 et
337 2251 429 2305 nullus
441 2268 538 2306 eorum
551 2253 678 2306 inrcntus
696 2259 746 2307 est.
764 2253 865 2307 Vidcns
882 2253 942 2307 haec
959 2252 1100 2307 Celerinus
1115 2254 1259 2323 preelectus
1276 2253 1389 2307 consilio

157 2350 262 2403 diaboli
282 2357 413 2414 armatus,
432 2351 514 2418 jussit
533 2352 651 2405 eandem
670 2353 772 2418 navim,
787 2353 814 2407 in
835 2369 890 2422 qua
907 2353 1035 2422 martyris
1052 2369 1150 2422 corpus
1166 2359 1233 2416 erat,
1244 2353 1390 2407 sarmentis

105 2452 138 2502 20
157 2447 265 2516 impleri
275 2454 301 2501 et
312 2450 373 2517 igne
387 2449 531 2518 subposito
544 2450 571 2503 in
584 2450 758 2504 mediomari
771 2451 905 2505 comburi.
917 2450 969 2504 Sed
980 2452 1150 2520 gubernante
1162 2453 1281 2505 Domino
1289 2456 1389 2520 marty-

155 2562 218 2600 rem
229 2563 319 2610 suum,
329 2548 374 2601 ubi
386 2548 511 2601 Christus
522 2549 617 2613 voluit,
625 2550 660 2602 ad
671 2554 781 2618 portum
793 2550 949 2604 securitatis
960 2551 1088 2619 perduxit
1100 2570 1105 2604 :
1117 2551 1172 2604 hoc
1184 2556 1225 2605 est
1234 2551 1313 2619 juxta
1324 2551 1390 2604 litus

156 2645 274 2714 Hystriae
286 2646 405 2700 civitatis
418 2647 600 2711 Pharentinae‚
613 2649 659 2702 ubi
672 2666 771 2718 corpus
789 2649 916 2718 martyris
928 2649 1073 2718 requiescit
1083 2665 1171 2718 usque
1183 2649 1211 2703 in
1222 2650 1387 2705 hodiernum

155 2746 237 2809 diem,
255 2752 283 2799 et
300 2748 359 2814 ejus
377 2747 518 2801 beneficiis
534 2748 654 2800 universi
671 2749 788 2802 salutem
802 2754 1014 2818 consequuntur.
1031 2749 1219 2817 llartyrizatus
1237 2753 1278 2802 est
1295 2754 1388 2803 autem

155 2844 334 2898 beatissimus
344 2845 455 2898 blaurus
466 2845 516 2898 Dei
529 2846 651 2899 famulus
663 2846 715 2899 sub
726 2845 894 2899 Numeriano
906 2847 1072 2915 imperatore
1084 2852 1112 2900 et
1123 2845 1248 2900 Celerino
1261 2846 1388 2915 praelecto

106 2946 139 2996 ab
155 2944 231 2997 urbis
242 2944 348 3008 Rarius,
364 2945 408 2997 die
426 2945 573 2997 undecimo
592 2931 773 2999 kalendarum
794 2945 992 3010 decembrium,
1009 2949 1141 3015 regnante
1158 2945 1276 2999 Domino
1294 2950 1389 2998 nostro

158 3043 222 3097 Jesu
234 3043 342 3097 Christo
353 3044 396 3097 cui
409 3049 450 3097 est
459 3043 546 3112 gloria
558 3051 585 3097 et
597 3045 688 3098 honor
699 3045 726 3098 in
738 3046 831 3098 secula
840 3046 1006 3099 seculorum.
1017 3050 1112 3099 Amen.

600 3290 943 3299 ——-———-.

396 3579 568 3668 oxum.
600 3580 724 3667 Codex
750 3585 934 3690 signatus
960 3602 1004 3667 n⁰
1031 3580 1154 3668 9290.

192 3849 332 3902 Foliorum
349 3849 402 3911 183,
415 3854 535 3902 ceterum
549 3849 712 3916 precedenti
724 3849 829 3914 similis,
840 3866 960 3918 quocum
973 3848 1282 3902 constituitPassionale
1294 3849 1392 3914 majus.

155 3948 289 4016 Quaedarn
298 3949 382 4001 ctiam
394 3964 494 4002 manus
509 3949 676 4002 recentioris
689 3948 802 4017 vestigia
817 3954 922 4010 servum
935 3952 994 4001 turn
1007 3948 1034 4001 in
1046 3947 1184 4001 nonnullis
1195 3947 1292 4001 litteris
1304 3946 1392 4000 initia·

155 4047 229 4101 libus
241 4048 327 4101 minio
340 4048 461 4116 depictis,
472 4054 531 4101 tum
547 4047 573 4101 in
587 4048 782 4101 additamentis
791 4048 848 4101 lolii
860 4050 927 4112 tobi,
939 4065 970 4100 ac
983 4047 1092 4101 tandem
1103 4046 1131 4100 in
1142 4045 1209 4100 iolio
1226 4048 1256 4109 l;
1269 4046 1295 4100 in
1313 4047 1392 4114 cujus

157 4153 236 4214 parte
255 4149 371 4201 adversa
389 4164 462 4201 anno
484 4149 547 4201 tt-tb
565 4148 648 4200 index
661 4152 853 4200 contentorum
867 4147 1017 4215 descriptus
1031 4146 1089 4207 luit.
1101 4145 1129 4199 in
1146 4151 1223 4214 parte
1240 4162 1305 4199 vero
1316 4150 1392 4199 recta

155 4260 169 4297 s
180 4244 258 4298 eculo
270 4244 333 4298 lllll
345 4246 422 4298 caria
433 4245 535 4313 scripta
547 4245 623 4298 luere
632 4249 663 4298 ut
674 4244 785 4312 epistola
796 4243 908 4298 Oliverii
917 4243 1074 4297 scholastici
1084 4243 1254 4297 Coloniensis
1262 4243 1297 4296 ad
1309 4243 1392 4296 corni-

159 4347 216 4395 tem
232 4342 448 4397 Numurcensem
467 4344 538 4396 editu
559 4343 633 4410 apud
650 4342 770 4395 blartene
783 4345 961 4410 drnpb'ssimo
980 4342 1303 4409 cort.‚tom.1,pp.1t15,
1320 4341 1392 4404 1116,

156 4446 185 4494 et
210 4441 342 4496 elenchus
362 4444 500 4507 bonorum
522 4459 584 4510 quae
612 4441 685 4495 Otho
719 4442 804 4495 abbas
831 4442 856 4494 S.
876 4441 1015 4495 Laurentii
1044 4458 1075 4494 ac
1099 4440 1243 4494 Lietardus
1268 4440 1391 4508 ejusdem

157 4542 280 4595 coenobii
292 4543 446 4596 monachus
463 4543 581 4595 abbatiae
601 4542 627 4594 S.
644 4541 783 4595 Laurentii
802 4541 875 4594 dono
893 4541 1036 4594 dederunt
1053 4539 1192 4608 Originem
1209 4555 1288 4593 suam
1306 4539 1392 4592 manl-

157 4641 256 4695 festam
268 4642 333 4695 iacit
346 4642 444 4695 litteris
462 4629 490 4700 L
509 4629 537 4700 L
555 4643 584 4696 in
611 4658 720 4694 summa
733 4640 855 4708 margine
868 4639 924 4692 lolii
945 4641 969 4693 l'
983 4639 1109 4705 ascriptis
1125 4644 1153 4692 et
1163 4639 1215 4692 hac
1226 4643 1293 4691 nota
1310 4640 1393 4691 Liber

158 4745 248 4794 saneti
259 4743 407 4795 Laurentii
418 4742 545 4810 apposita
556 4740 602 4794 iol.
617 4742 685 4794 183v.
