3270 5400
183 366 279 421 amu.
295 366 378 421 auc.
396 368 570 422 sanxere.
590 392 636 401 -
656 370 803 422 urrann.
823 372 870 423 on
886 371 968 422 con.
986 357 1025 422 u⁰
1042 369 1164 422 ress-rs.
1227 350 1293 423 149

52 558 132 610 mdia
141 566 218 611 mot.
229 559 425 612 Dicitareaira
441 560 475 613 de
492 560 564 613 robis
580 562 654 628 quod
670 562 795 614 ecctemos
810 562 942 627 prorutis,
954 561 1102 612 sententias
1118 562 1296 625 conternante,

53 657 190 720 nepertia
200 656 352 722 inceditis,
361 656 469 710 «Induis
479 664 503 710 et
514 658 678 711 Scrrocenis
690 659 773 710 nimis
783 659 891 723 fomis,
902 659 1026 709 corcaitr'is
1037 657 1114 709 boreis
1126 674 1180 710 non
1191 659 1296 725 aconio

54 754 289 819 wittaricus-ium
298 754 1297 824 Obristf,bootiPetr-isuccessoren,quipoterchristianornmctDominus

55 860 150 907 nuder
159 854 322 921 spiritantia
332 861 379 920 est,
390 870 446 908 non
460 855 608 909 tonsoratis.
623 854 700 909 Certe
710 856 763 909 hac
777 870 923 921 personam
939 862 1056 908 vestr-om
1073 871 1127 908 oron
1143 856 1241 908 decent.
1253 854 1297 907 Sic

23 950 177 1019 eloquens
193 951 261 1005 tldei
278 956 307 1005 et
321 952 434 1019 iustitia
449 952 552 1007 zelator
568 953 775 1021 imperterritus,
793 953 821 1006 in
841 953 936 1007 multis
953 952 1125 1021 tyrannicum
1145 952 1296 1021 principem

57 1048 229 1103 emendavit
240 1050 361 1104 Dederat
373 1050 446 1105 euim
459 1051 485 1106 ei
497 1051 631 1106 Dominus
642 1053 763 1121 linguam
781 1052 925 1115 eruditam,
943 1058 972 1107 ut
989 1052 1070 1105 sciret
1088 1068 1158 1121 quar,
1175 1068 1257 1119 quem
1270 1057 1298 1106 et

58 1148 173 1217 quando
185 1149 303 1203 deberet
314 1151 437 1219 proferre
448 1166 604 1205 sermonem
617 1151 652 1204 ad
664 1151 811 1205 utilitatem
824 1151 991 1205 auditorum.

104 1352 287 1424 Quomodo
312 1365 380 1424 per
405 1352 484 1424 ejus
509 1352 669 1423 aratiam
690 1354 727 1411 et
751 1352 966 1412 industriam
991 1350 1172 1411 dilatatus
1200 1352 1258 1410 est

492 1450 586 1509 ordo
613 1450 651 1508 et
675 1450 900 1535 exaltatus..

30 1654 56 1703 tn
105 1638 164 1698 24.
182 1641 234 1695 Hic
247 1644 289 1693 es
301 1638 388 1693 frater
404 1639 548 1702 londanus
561 1636 602 1691 rir
619 1636 788 1699 mitissimus,
808 1635 919 1690 Ordinis
939 1638 1150 1705 predicatorum
1171 1638 1300 1705 magister

72 1740 209 1802 secundus,
219 1735 309 1791 sancti
327 1734 465 1789 Dominici
480 1749 622 1787 successor
633 1732 816 1801 dignissimus.
828 1732 879 1786 Hic
898 1732 1040 1800 pravaluit
1058 1750 1106 1801 per
1124 1732 1172 1787 Dei
1184 1733 1299 1802 gratiam

76 1837 234 1907 amplificare
246 1834 379 1890 Ordinem
392 1834 406 1863 *
418 1838 519 1887 statum
538 1832 566 1886 in
587 1831 742 1900 provinciis,
762 1831 788 1884 in
806 1831 988 1885 conventibus
1008 1837 1036 1885 et
1056 1834 1171 1887 fratrum
1184 1848 1300 1886 numero

79 1938 253 2006 probatorum.
265 1934 344 1989 blulti
356 1933 430 1987 enim
440 1932 604 1986 excellentes
615 1932 767 1995 nobilitate,
778 1931 881 1985 divitiis
893 1938 920 1984 et
932 1931 1073 1986 beneficiis
1085 1932 1243 2000 locupletes
1252 1948 1302 2001 per

84 2038 133 2104 einr
142 2036 212 2104 piam
224 2033 396 2103 diligentiam
408 2031 529 2086 dimissis
540 2032 669 2085 omnibus
681 2031 893 2084 Praedicatorum
907 2030 1017 2084 Ordinis
1029 2031 1155 2085 habitum
1173 2048 1302 2099 suscepe-

55 2144 78 2191 u
89 2140 148 2189 mut.
158 2133 291 2189 ludiebus
301 2132 387 2201 ipsius
398 2136 598 2185 emanaverunt
610 2130 684 2198 putei
697 2146 831 2198 aquarum
843 2136 1062 2198 acceperuntque
1074 2131 1172 2184 fratres
1181 2131 1302 2186 Parisios

90 2232 204 2287 bornum
215 2231 355 2303 legendi*,
367 2230 489 2297 duasque
506 2229 616 2283 scholas
634 2229 822 2296 multiplicatis
833 2228 1004 2283 auditoribus
1021 2229 1186 2283 habueruut.
1198 2231 1232 2283 Et
1243 2230 1304 2284 hac

94 2328 202 2384 libertatis
209 2328 381 2384 cousuetudo
390 2343 440 2396 per
449 2343 512 2381 eum
524 2327 687 2391 introducta,
697 2343 784 2394 usque
795 2328 824 2380 in
833 2343 952 2395 praesens
960 2327 1034 2395 apud
1044 2332 1168 2395 posteros
1179 2344 1303 2396 perseve-

97 2431 134 2480 ra
141 2427 189 2481 ltus
198 2427 324 2481 sinriliter
335 2427 370 2487 de
381 2424 573 2480 collationibus
583 2426 618 2479 ad
628 2425 767 2479 scholares
777 2426 918 2485 habendis.
927 2443 976 2494 per
985 2427 1115 2480 eximiam
1126 2427 1302 2482 devotionem

100 2524 126 2577 ab
141 2526 188 2594 ipso
199 2526 352 2591 inchoatus,
371 2540 459 2595 usque
478 2525 512 2579 ad
533 2525 592 2579 hac
613 2530 738 2594 tempora
758 2524 927 2579 observatur.
944 2526 983 2579 Ex
1003 2529 1066 2579 tunc
1088 2526 1139 2579 riri
1157 2526 1304 2581 eminentis

71 2622 287 2690 bidmintamae
304 2631 333 2680 et
344 2625 475 2679 doctrinae
486 2625 514 2678 in
531 2624 651 2693 glorioso
667 2624 879 2678 Praedicatorum
899 2624 1000 2679 Ordine
1012 2625 1170 2690 extiterunt,
1187 2625 1257 2679 siout
1270 2642 1304 2680 ex

104 2734 175 2777 turum
183 2724 286 2795 scriptis
295 2724 443 2779 manifeste
454 2722 607 2793 legentibus
619 2723 781 2777 declaratur.
787 2724 909 2792 Adeptus
922 2728 964 2777 est
976 2723 1058 2777 etiam
1072 2724 1186 2793 gloriam
1200 2724 1229 2778 in
1241 2741 1304 2778 con-

105 2820 200 2877 amore
209 2824 296 2892 uentis
306 2828 418 2886 sanctae,
430 2823 546 2877 fratrum
560 2821 694 2881 videlicet,
705 2839 824 2891 quorum
844 2823 896 2876 fuit
914 2823 1031 2877 calatis
1040 2824 1222 2889 conversatio,
1238 2825 1304 2879 dum

106 2914 190 2977 arou
199 2923 289 2978 auimo
298 2929 410 2977 terrena
421 2923 592 2992 despicerent
601 2930 629 2976 et
640 2923 748 2976 interna
761 2923 834 2976 bona
845 2928 1000 2992 quererent
1015 2929 1043 2977 et
1055 2941 1103 2992 pro
1117 2924 1225 2978 atemis
1237 2926 1303 2979 totis

108 3014 180 3074 riba
188 3023 350 3078 laborarent.
359 3024 424 3077 Erat
436 3028 499 3076 tunc
511 3022 642 3091 regularis
654 3022 803 3091 disciplima
815 3023 972 3077 observatio
982 3023 1084 3089 stricta,
1096 3024 1224 3077 fraterna
1236 3024 1303 3078 cari·

76 3116 256 3177 ausonam
267 3123 378 3185 diffusa,
386 3121 575 3176 subserviendi
587 3127 685 3176 mutuo
697 3122 884 3190 promptitudo
895 3122 1040 3177 indefessa.

120 3319 158 3379 ne
173 3322 391 3386 mentatione
415 3323 622 3396 antiphonae
650 3326 733 3396 post
756 3327 1041 3398 completorium,
1065 3326 1114 3385 ad
1133 3326 1278 3386 laudem

522 3424 650 3482 Beatus
673 3421 843 3493 Vtrgtnls.

131 3604 175 3667 25.
188 3614 289 3669 florum
297 3610 503 3666 honorabilium
514 3611 650 3664 bonorum
665 3611 779 3665 reurulus
790 3610 923 3673 diabolus,
932 3611 979 3679 qui
990 3612 1139 3666 Dominum
1149 3612 1302 3679 majestatis

98 3708 245 3775 wedinon
261 3706 412 3778 pertimuit,
429 3705 513 3775 ipsius
531 3706 710 3774 permissione
730 3705 831 3760 milites
852 3723 926 3769 suos,
946 3707 1006 3775 ejus
1025 3708 1140 3776 vestigia
1157 3713 1301 3771 sectantes,

56 3814 84 3867 to
94 3816 205 3863 aanor
214 3807 366 3865 manifestis
376 3806 523 3861 insultibus
535 3807 703 3875 perturbare.
716 3805 836 3859 Parisios
845 3806 926 3874 igitur
938 3823 969 3859 ac
979 3808 1118 3872 Bononia,
1131 3807 1177 3861 ubi
1189 3824 1238 3875 per
1250 3808 1301 3861 fra·

92 3910 224 3978 trespugna
233 3908 287 3963 sibi
298 3908 408 3977 gravior
419 3905 591 3968 imminebat,
604 3905 641 3959 ibi
654 3906 757 3959 eisdem
771 3906 891 3958 acriores
903 3923 960 3960 sua
971 3906 1100 3975 nequitiae
1113 3907 1223 3960 aculeos
1234 3924 1301 3974 pras-

88 4006 209 4063 teuriebat.
223 4008 308 4062 hllcri
319 4006 395 4061 euim
412 4005 554 4059 ardentem
573 4005 713 4058 fornacem
727 4021 850 4073 superse
871 4005 1023 4069 cadentem,
1035 4005 1081 4058 alii
1099 4006 1217 4059 tonnam
1236 4006 1301 4059 deli·

84 4106 279 4181 eolte'mulieris
297 4122 328 4159 se
347 4103 538 4174 amplectentis
555 4104 703 4165 offerebat3
721 4103 786 4157 huic
805 4103 913 4157 asinum
927 4108 1080 4167 cornutum,
1092 4104 1132 4157 illi
1145 4109 1300 4172 serpentem

80 4201 265 4275 ‘quimaliis
275 4200 894 4269 alialudibriapraeferebat:adeoutnoctium
904 4201 1301 4285 plrnnmsmataetdaemonum

31 4316 63 4367 ω
76 4302 211 4359 illusiones
217 4306 346 4371 cogerent
356 4299 473 4354 vicissim
487 4300 584 4352 fratres
593 4299 731 4352 custodire
740 4298 845 4367 vigilias
854 4299 942 4352 noctis
951 4315 1034 4367 super
1043 4299 1112 4353 alios
1120 4300 1302 4368 quiescentes.

73 4402 188 4470 Insuper
196 4399 308 4469 quidam
320 4397 457 4452 cadebant
467 4396 496 4450 in
513 4396 670 4465 phrenesim
687 4413 719 4449 ac
735 4396 780 4449 alii
798 4396 966 4450 horribiliter
984 4399 1162 4451 vexabantur.
1181 4399 1215 4451 Et
1232 4399 1303 4452 sicut

71 4500 229 4573 pradictum
240 4502 291 4562 est,
302 4498 331 4552 in
342 4497 419 4566 ipsos
429 4512 539 4566 quoque
551 4496 634 4549 duces
646 4496 788 4559 exercitus,
800 4501 891 4564 patres
909 4497 1096 4551 sanctissimos
1108 4498 1236 4566 virosque
1248 4498 1302 4551 for·

68 4600 199 4664 thiasos,
217 4599 331 4653 beatum
350 4596 412 4650 dico
432 4594 606 4649 Dominicum
623 4600 807 4664 sanctumque
827 4596 990 4665 magistrum
1011 4597 1169 4660 dordunum,
1186 4613 1301 4651 monum

68 4700 186 4757 malitia
204 4714 261 4752 sure
279 4698 391 4751 mittere
411 4695 584 4765 praesumpsit
604 4698 765 4750 temerarius
783 4695 917 4749 inimicus.
939 4696 1022 4764 Igitur
1040 4702 1116 4765 pater
1134 4702 1160 4750 et
1173 4697 1303 4766 magister

1388 1846 1401 1875 *
1423 1862 1464 1899 ηό

1360 1912 1398 1965 Or
1417 1910 1491 1964 inis?

1339 2246 1352 2275 *
1364 2241 1517 2311 legendum.
