<?xml version="1.0" encoding="UTF-8"?>
<!DOCTYPE html PUBLIC "-//W3C//DTD XHTML 1.0 Transitional//EN"
    "http://www.w3.org/TR/xhtml1/DTD/xhtml1-transitional.dtd">
<html xmlns="http://www.w3.org/1999/xhtml" xml:lang="en" lang="en">
 <head>
  <title>
</title>
<meta http-equiv="Content-Type" content="text/html;charset=utf-8" />
  <meta name='ocr-system' content='tesseract 3.04.00' />
  <meta name='ocr-capabilities' content='ocr_page ocr_carea ocr_par ocr_line ocrx_word'/>
</head>
<body>
  <div class='ocr_page' id='page_1' title='image "./cataloguscodicu00belggoog_0522.png"; bbox 0 0 3270 5400; ppageno 0'>
   <div class='ocr_carea' id='block_1_1' title="bbox 466 351 1495 426">
    <p class='ocr_par' dir='ltr' id='par_1_1' title="bbox 466 351 1495 426">
     <span class='ocr_line' id='line_1_1' title="bbox 466 351 1495 426; baseline 0.001 -1"><span class='ocrx_word' id='word_1_1' title='bbox 466 374 557 425; x_wconf 81' lang='lat' dir='ltr'><strong><em>amn.</em></strong></span> <span class='ocrx_word' id='word_1_2' title='bbox 575 371 656 425; x_wconf 81' lang='lat' dir='ltr'><strong><em>aaa.</em></strong></span> <span class='ocrx_word' id='word_1_3' title='bbox 675 373 846 426; x_wconf 69' lang='lat' dir='ltr'><strong><em>ananam.</em></strong></span> <span class='ocrx_word' id='word_1_4' title='bbox 864 395 912 406; x_wconf 92' lang='lat'>—</span> <span class='ocrx_word' id='word_1_5' title='bbox 930 374 1009 426; x_wconf 85' lang='lat' dir='ltr'><strong><em>coo.</em></strong></span> <span class='ocrx_word' id='word_1_6' title='bbox 1027 375 1061 426; x_wconf 89' lang='lat' dir='ltr'><strong><em>o.</em></strong></span> <span class='ocrx_word' id='word_1_7' title='bbox 1079 373 1195 426; x_wconf 76' lang='lat' dir='ltr'><strong><em>aaran.</em></strong></span> <span class='ocrx_word' id='word_1_8' title='bbox 1214 370 1290 426; x_wconf 75' lang='lat' dir='ltr'><strong><em>sols.</em></strong></span> <span class='ocrx_word' id='word_1_9' title='bbox 1422 351 1495 426; x_wconf 87' lang='lat'><strong><em>503</em></strong></span> 
     </span>
    </p>
   </div>
   <div class='ocr_carea' id='block_1_2' title="bbox 365 564 1121 663">
    <p class='ocr_par' dir='ltr' id='par_1_2' title="bbox 365 564 1121 663">
     <span class='ocr_line' id='line_1_2' title="bbox 365 564 1121 663; baseline 0.001 -25"><span class='ocrx_word' id='word_1_10' title='bbox 365 565 403 638; x_wconf 65' lang='lat'><strong><em>2⁰</em></strong></span> <span class='ocrx_word' id='word_1_11' title='bbox 428 566 493 658; x_wconf 86' lang='lat' dir='ltr'><strong><em>[De</em></strong></span> <span class='ocrx_word' id='word_1_12' title='bbox 510 571 640 639; x_wconf 85' lang='lat' dir='ltr'><strong><em>saneto</em></strong></span> <span class='ocrx_word' id='word_1_13' title='bbox 659 564 854 658; x_wconf 89' lang='lat' dir='ltr'><strong><em>Malachia]</em></strong></span> <span class='ocrx_word' id='word_1_14' title='bbox 872 564 917 662; x_wconf 89' lang='lat' dir='ltr'><strong><em>(p.</em></strong></span> <span class='ocrx_word' id='word_1_15' title='bbox 937 566 1121 663; x_wconf 74' lang='lat' dir='ltr'><strong><em>ala-314).</em></strong></span> 
     </span>
    </p>
   </div>
   <div class='ocr_carea' id='block_1_3' title="bbox 267 693 1498 1452">
    <p class='ocr_par' dir='ltr' id='par_1_3' title="bbox 267 693 1498 1452">
     <span class='ocr_line' id='line_1_3' title="bbox 300 693 1495 763; baseline 0.003 -17"><span class='ocrx_word' id='word_1_16' title='bbox 300 693 355 746; x_wconf 86' lang='lat' dir='ltr'><strong><em>Ino.</em></strong></span> <span class='ocrx_word' id='word_1_17' title='bbox 367 694 468 748; x_wconf 84' lang='lat' dir='ltr'><strong><em>Retulit</em></strong></span> <span class='ocrx_word' id='word_1_18' title='bbox 484 697 553 747; x_wconf 83' lang='lat' dir='ltr'><strong><em>milri</em></strong></span> <span class='ocrx_word' id='word_1_19' title='bbox 569 697 693 748; x_wconf 75' lang='lat' dir='ltr'><em>Donatus</em></span> <span class='ocrx_word' id='word_1_20' title='bbox 708 695 881 748; x_wconf 78' lang='lat' dir='ltr'><strong><em>Cassiliensis</em></strong></span> <span class='ocrx_word' id='word_1_21' title='bbox 891 696 1111 763; x_wconf 71' lang='lat' dir='ltr'><strong><em>archiepiscopus</em></strong></span> <span class='ocrx_word' id='word_1_22' title='bbox 1127 697 1212 750; x_wconf 85' lang='lat' dir='ltr'><strong><em>moris</em></strong></span> <span class='ocrx_word' id='word_1_23' title='bbox 1225 697 1312 762; x_wconf 70' lang='lat' dir='ltr'><strong><em>foisse</em></strong></span> <span class='ocrx_word' id='word_1_24' title='bbox 1323 696 1397 750; x_wconf 80' lang='lat' dir='ltr'><strong><em>bento</em></strong></span> <span class='ocrx_word' id='word_1_25' title='bbox 1408 697 1495 750; x_wconf 80' lang='lat' dir='ltr'><strong><em>Malo·</em></strong></span> 
     </span>
     <span class='ocr_line' id='line_1_4' title="bbox 269 792 1496 860; baseline 0 -14"><span class='ocrx_word' id='word_1_26' title='bbox 269 793 333 846; x_wconf 79' lang='lat' dir='ltr'><strong><em>cirin</em></strong></span> <span class='ocrx_word' id='word_1_27' title='bbox 344 792 550 859; x_wconf 74' lang='lat' dir='ltr'><strong><em>archiepiscopo,</em></strong></span> <span class='ocrx_word' id='word_1_28' title='bbox 562 799 668 859; x_wconf 75' lang='lat' dir='ltr'><strong><em>excepto</em></strong></span> <span class='ocrx_word' id='word_1_29' title='bbox 676 793 754 845; x_wconf 84' lang='lat' dir='ltr'><strong><em>solito</em></strong></span> <span class='ocrx_word' id='word_1_30' title='bbox 764 792 902 844; x_wconf 75' lang='lat' dir='ltr'><strong><em>servitutis</em></strong></span> <span class='ocrx_word' id='word_1_31' title='bbox 916 807 971 845; x_wconf 81' lang='lat' dir='ltr'><strong><em>sna</em></strong></span> <span class='ocrx_word' id='word_1_32' title='bbox 978 808 1070 859; x_wconf 75' lang='lat' dir='ltr'><strong><em>penso,</em></strong></span> <span class='ocrx_word' id='word_1_33' title='bbox 1078 793 1210 859; x_wconf 82' lang='lat' dir='ltr'><strong><em>privatim</em></strong></span> <span class='ocrx_word' id='word_1_34' title='bbox 1222 794 1387 846; x_wconf 78' lang='lat' dir='ltr'><strong><em>cotidianum</em></strong></span> <span class='ocrx_word' id='word_1_35' title='bbox 1393 794 1496 860; x_wconf 84' lang='lat' dir='ltr'><strong><em>persol-</em></strong></span> 
     </span>
     <span class='ocr_line' id='line_1_5' title="bbox 267 890 1497 958; baseline 0 -13"><span class='ocrx_word' id='word_1_36' title='bbox 267 908 327 945; x_wconf 84' lang='lat' dir='ltr'><strong><em>uere</em></strong></span> <span class='ocrx_word' id='word_1_37' title='bbox 335 893 477 957; x_wconf 73' lang='lat' dir='ltr'><strong><em>winteqro</em></strong></span> <span class='ocrx_word' id='word_1_38' title='bbox 484 892 652 957; x_wconf 83' lang='lat' dir='ltr'><strong><em>psalterium.</em></strong></span> <span class='ocrx_word' id='word_1_39' title='bbox 667 890 720 943; x_wconf 83' lang='lat' dir='ltr'><strong><em>Oui</em></strong></span> <span class='ocrx_word' id='word_1_40' title='bbox 732 891 903 956; x_wconf 73' lang='lat' dir='ltr'><strong><em>suffropnnei</em></strong></span> <span class='ocrx_word' id='word_1_41' title='bbox 914 890 968 943; x_wconf 82' lang='lat' dir='ltr'><strong><em>uice</em></strong></span> <span class='ocrx_word' id='word_1_42' title='bbox 977 891 1007 942; x_wconf 86' lang='lat' dir='ltr'><strong><em>in</em></strong></span> <span class='ocrx_word' id='word_1_43' title='bbox 1020 898 1075 942; x_wconf 86' lang='lat' dir='ltr'><strong><em>tom</em></strong></span> <span class='ocrx_word' id='word_1_44' title='bbox 1085 891 1162 956; x_wconf 73' lang='lat' dir='ltr'><strong><em>felici</em></strong></span> <span class='ocrx_word' id='word_1_45' title='bbox 1172 892 1275 958; x_wconf 76' lang='lat' dir='ltr'><strong><em>nepotio</em></strong></span> <span class='ocrx_word' id='word_1_46' title='bbox 1287 893 1361 944; x_wconf 82' lang='lat' dir='ltr'><strong><em>solas</em></strong></span> <span class='ocrx_word' id='word_1_47' title='bbox 1375 892 1497 945; x_wconf 77' lang='lat' dir='ltr'><strong><em>Donatus</em></strong></span> 
     </span>
     <span class='ocr_line' id='line_1_6' title="bbox 267 990 1497 1056; baseline 0 -13"><span class='ocrx_word' id='word_1_48' title='bbox 267 991 356 1044; x_wconf 75' lang='lat' dir='ltr'><strong><em>adhuc</em></strong></span> <span class='ocrx_word' id='word_1_49' title='bbox 361 992 472 1056; x_wconf 86' lang='lat' dir='ltr'><strong><em>jnoenis</em></strong></span> <span class='ocrx_word' id='word_1_50' title='bbox 489 990 636 1043; x_wconf 74' lang='lat' dir='ltr'><strong><em>ossinebat.</em></strong></span> <span class='ocrx_word' id='word_1_51' title='bbox 656 990 781 1055; x_wconf 79' lang='lat' dir='ltr'><strong><em>Quodam</em></strong></span> <span class='ocrx_word' id='word_1_52' title='bbox 792 990 879 1054; x_wconf 79' lang='lat' dir='ltr'><strong><em>iqitnr</em></strong></span> <span class='ocrx_word' id='word_1_53' title='bbox 890 990 933 1041; x_wconf 85' lang='lat' dir='ltr'><strong><em>die</em></strong></span> <span class='ocrx_word' id='word_1_54' title='bbox 949 990 1016 1041; x_wconf 85' lang='lat' dir='ltr'><strong><em>dnm</em></strong></span> <span class='ocrx_word' id='word_1_55' title='bbox 1026 1006 1099 1042; x_wconf 88' lang='lat' dir='ltr'><strong><em>more</em></strong></span> <span class='ocrx_word' id='word_1_56' title='bbox 1110 992 1188 1043; x_wconf 86' lang='lat' dir='ltr'><strong><em>solito</em></strong></span> <span class='ocrx_word' id='word_1_57' title='bbox 1194 991 1295 1055; x_wconf 81' lang='lat' dir='ltr'><strong><em>janrois</em></strong></span> <span class='ocrx_word' id='word_1_58' title='bbox 1306 992 1416 1044; x_wconf 76' lang='lat' dir='ltr'><strong><em>ecclesia</em></strong></span> <span class='ocrx_word' id='word_1_59' title='bbox 1426 992 1497 1043; x_wconf 73' lang='lat' dir='ltr'><strong><em>alon</em></strong></span> 
     </span>
     <span class='ocr_line' id='line_1_7' title="bbox 268 1084 1497 1154; baseline 0 -15"><span class='ocrx_word' id='word_1_60' title='bbox 268 1088 379 1140; x_wconf 60' lang='lat' dir='ltr'><strong><em>mirate</em></strong></span> <span class='ocrx_word' id='word_1_61' title='bbox 389 1089 466 1154; x_wconf 85' lang='lat' dir='ltr'><strong><em>operi</em></strong></span> <span class='ocrx_word' id='word_1_62' title='bbox 473 1086 550 1139; x_wconf 82' lang='lat' dir='ltr'><strong><em>ambo</em></strong></span> <span class='ocrx_word' id='word_1_63' title='bbox 559 1087 723 1151; x_wconf 74' lang='lat' dir='ltr'><strong><em>insisterent,</em></strong></span> <span class='ocrx_word' id='word_1_64' title='bbox 732 1102 786 1139; x_wconf 87' lang='lat' dir='ltr'><strong><em>ecce</em></strong></span> <span class='ocrx_word' id='word_1_65' title='bbox 795 1085 882 1138; x_wconf 85' lang='lat' dir='ltr'><strong><em>subito</em></strong></span> <span class='ocrx_word' id='word_1_66' title='bbox 894 1085 1006 1151; x_wconf 81' lang='lat' dir='ltr'><strong><em>qnidam</em></strong></span> <span class='ocrx_word' id='word_1_67' title='bbox 1018 1086 1126 1151; x_wconf 66' lang='lat' dir='ltr'><strong><em>sumbus</em></strong></span> <span class='ocrx_word' id='word_1_68' title='bbox 1141 1087 1249 1139; x_wconf 62' lang='lat' dir='ltr'><strong><em>maslot</em></strong></span> <span class='ocrx_word' id='word_1_69' title='bbox 1296 1084 1396 1139; x_wconf 88' lang='lat' dir='ltr'><strong><em>etinde</em></strong></span> <span class='ocrx_word' id='word_1_70' title='bbox 1406 1101 1497 1139; x_wconf 86' lang='lat' dir='ltr'><strong><em>narra·</em></strong></span> 
     </span>
     <span class='ocr_line' id='line_1_8' title="bbox 268 1183 1498 1253; baseline 0 -14"><span class='ocrx_word' id='word_1_71' title='bbox 268 1190 314 1239; x_wconf 91' lang='lat' dir='ltr'><strong><em>tur</em></strong></span> <span class='ocrx_word' id='word_1_72' title='bbox 324 1185 464 1252; x_wconf 91' lang='lat' dir='ltr'><strong><em>quomodo</em></strong></span> <span class='ocrx_word' id='word_1_73' title='bbox 476 1184 518 1238; x_wconf 82' lang='lat' dir='ltr'><strong><em>vir</em></strong></span> <span class='ocrx_word' id='word_1_74' title='bbox 529 1183 652 1252; x_wconf 89' lang='lat' dir='ltr'><strong><em>plebeius</em></strong></span> <span class='ocrx_word' id='word_1_75' title='bbox 664 1200 681 1236; x_wconf 89' lang='lat' dir='ltr'><strong><em>a</em></strong></span> <span class='ocrx_word' id='word_1_76' title='bbox 691 1187 786 1236; x_wconf 86' lang='lat' dir='ltr'><strong><em>sancto</em></strong></span> <span class='ocrx_word' id='word_1_77' title='bbox 799 1183 926 1252; x_wconf 86' lang='lat' dir='ltr'><strong><em>episcopo</em></strong></span> <span class='ocrx_word' id='word_1_78' title='bbox 939 1199 1047 1236; x_wconf 87' lang='lat' dir='ltr'><strong><em>crucem</em></strong></span> <span class='ocrx_word' id='word_1_79' title='bbox 1057 1183 1109 1237; x_wconf 93' lang='lat' dir='ltr'><strong><em>sibi</em></strong></span> <span class='ocrx_word' id='word_1_80' title='bbox 1121 1185 1225 1252; x_wconf 91' lang='lat' dir='ltr'><strong><em>imponi</em></strong></span> <span class='ocrx_word' id='word_1_81' title='bbox 1238 1183 1346 1253; x_wconf 87' lang='lat' dir='ltr'><strong><em>petierit</em></strong></span> <span class='ocrx_word' id='word_1_82' title='bbox 1353 1190 1392 1250; x_wconf 87' lang='lat' dir='ltr'><strong><em>ut,</em></strong></span> <span class='ocrx_word' id='word_1_83' title='bbox 1404 1200 1498 1252; x_wconf 86' lang='lat' dir='ltr'><strong><em>qnem-</em></strong></span> 
     </span>
     <span class='ocr_line' id='line_1_9' title="bbox 268 1281 1498 1352; baseline -0.001 -14"><span class='ocrx_word' id='word_1_84' title='bbox 268 1284 418 1338; x_wconf 82' lang='lat' dir='ltr'><strong>admodum</strong></span> <span class='ocrx_word' id='word_1_85' title='bbox 431 1284 459 1337; x_wconf 92' lang='lat' dir='ltr'><strong><em>in</em></strong></span> <span class='ocrx_word' id='word_1_86' title='bbox 470 1283 570 1337; x_wconf 85' lang='lat' dir='ltr'><strong><em>eaelesti</em></strong></span> <span class='ocrx_word' id='word_1_87' title='bbox 582 1282 696 1346; x_wconf 80' lang='lat' dir='ltr'><strong><em>visione,</em></strong></span> <span class='ocrx_word' id='word_1_88' title='bbox 707 1282 817 1350; x_wconf 89' lang='lat' dir='ltr'><strong><em>quando</em></strong></span> <span class='ocrx_word' id='word_1_89' title='bbox 838 1298 855 1335; x_wconf 91' lang='lat' dir='ltr'><strong><em>a</em></strong></span> <span class='ocrx_word' id='word_1_90' title='bbox 874 1281 900 1335; x_wconf 90' lang='lat' dir='ltr'><strong><em>S.</em></strong></span> <span class='ocrx_word' id='word_1_91' title='bbox 919 1281 1037 1336; x_wconf 87' lang='lat' dir='ltr'><strong><em>Patricio</em></strong></span> <span class='ocrx_word' id='word_1_92' title='bbox 1055 1283 1237 1351; x_wconf 84' lang='lat' dir='ltr'><strong><em>omnipotenti</em></strong></span> <span class='ocrx_word' id='word_1_93' title='bbox 1253 1287 1432 1352; x_wconf 77' lang='lat' dir='ltr'><strong><em>presentatus</em></strong></span> <span class='ocrx_word' id='word_1_94' title='bbox 1449 1286 1498 1349; x_wconf 86' lang='lat' dir='ltr'><strong><em>est,</em></strong></span> 
     </span>
     <span class='ocr_line' id='line_1_10' title="bbox 271 1382 1362 1452; baseline -0.001 -15"><span class='ocrx_word' id='word_1_95' title='bbox 271 1383 420 1450; x_wconf 75' lang='lat' dir='ltr'><strong><em>iniunctum</em></strong></span> <span class='ocrx_word' id='word_1_96' title='bbox 433 1383 530 1446; x_wconf 86' lang='lat' dir='ltr'><strong><em>luerat,</em></strong></span> <span class='ocrx_word' id='word_1_97' title='bbox 542 1382 761 1450; x_wconf 82' lang='lat' dir='ltr'><strong><em>Hierosolymam</em></strong></span> <span class='ocrx_word' id='word_1_98' title='bbox 774 1382 906 1444; x_wconf 84' lang='lat' dir='ltr'><strong><em>tenderet,</em></strong></span> <span class='ocrx_word' id='word_1_99' title='bbox 917 1382 1010 1451; x_wconf 83' lang='lat' dir='ltr'><strong><em>ibique</em></strong></span> <span class='ocrx_word' id='word_1_100' title='bbox 1022 1382 1156 1451; x_wconf 89' lang='lat' dir='ltr'><strong><em>reliquam</em></strong></span> <span class='ocrx_word' id='word_1_101' title='bbox 1166 1383 1249 1437; x_wconf 87' lang='lat' dir='ltr'><strong><em>vitam</em></strong></span> <span class='ocrx_word' id='word_1_102' title='bbox 1262 1386 1362 1452; x_wconf 74' lang='lat' dir='ltr'><strong><em>ageret.</em></strong></span> 
     </span>
    </p>
   </div>
   <div class='ocr_carea' id='block_1_4' title="bbox 369 1481 1096 1579">
    <p class='ocr_par' dir='ltr' id='par_1_4' title="bbox 369 1481 1096 1579">
     <span class='ocr_line' id='line_1_11' title="bbox 369 1481 1096 1579; baseline -0.003 -22"><span class='ocrx_word' id='word_1_103' title='bbox 369 1485 406 1557; x_wconf 88' lang='lat'><strong><em>3⁰</em></strong></span> <span class='ocrx_word' id='word_1_104' title='bbox 430 1482 669 1575; x_wconf 84' lang='lat' dir='ltr'><strong><em>Epitaphium</em></strong></span> <span class='ocrx_word' id='word_1_105' title='bbox 683 1483 719 1556; x_wconf 81' lang='lat' dir='ltr'><strong><em>S.</em></strong></span> <span class='ocrx_word' id='word_1_106' title='bbox 739 1481 917 1555; x_wconf 85' lang='lat' dir='ltr'><strong><em>Bernardi</em></strong></span> <span class='ocrx_word' id='word_1_107' title='bbox 935 1481 982 1577; x_wconf 82' lang='lat' dir='ltr'><strong><em>(p.</em></strong></span> <span class='ocrx_word' id='word_1_108' title='bbox 1001 1483 1096 1579; x_wconf 86' lang='lat'><strong><em>315).</em></strong></span> 
     </span>
    </p>
   </div>
   <div class='ocr_carea' id='block_1_5' title="bbox 271 1610 1500 1767">
    <p class='ocr_par' dir='ltr' id='par_1_5' title="bbox 271 1610 1500 1767">
     <span class='ocr_line' id='line_1_12' title="bbox 302 1610 1500 1687; baseline -0.001 -21"><span class='ocrx_word' id='word_1_109' title='bbox 302 1613 371 1667; x_wconf 85' lang='lat' dir='ltr'><strong><em>Vide</em></strong></span> <span class='ocrx_word' id='word_1_110' title='bbox 381 1628 471 1681; x_wconf 87' lang='lat' dir='ltr'><strong><em>supra,</em></strong></span> <span class='ocrx_word' id='word_1_111' title='bbox 483 1616 550 1666; x_wconf 91' lang='lat' dir='ltr'><strong><em>tom.</em></strong></span> <span class='ocrx_word' id='word_1_112' title='bbox 563 1612 582 1676; x_wconf 92' lang='lat'><strong><em>1,</em></strong></span> <span class='ocrx_word' id='word_1_113' title='bbox 599 1629 627 1681; x_wconf 92' lang='lat' dir='ltr'><strong><em>p.</em></strong></span> <span class='ocrx_word' id='word_1_114' title='bbox 643 1612 700 1665; x_wconf 72' lang='lat' dir='ltr'><strong><em>i86.</em></strong></span> <span class='ocrx_word' id='word_1_115' title='bbox 713 1613 788 1666; x_wconf 88' lang='lat' dir='ltr'><strong><em>-In</em></strong></span> <span class='ocrx_word' id='word_1_116' title='bbox 806 1612 867 1687; x_wconf 68' lang='lat' dir='ltr'><strong><em>cod.</em></strong></span> <span class='ocrx_word' id='word_1_117' title='bbox 883 1611 945 1665; x_wconf 89' lang='lat' dir='ltr'><strong><em>add.</em></strong></span> <span class='ocrx_word' id='word_1_118' title='bbox 964 1611 993 1664; x_wconf 91' lang='lat' dir='ltr'><strong><em>hi</em></strong></span> <span class='ocrx_word' id='word_1_119' title='bbox 1010 1627 1108 1666; x_wconf 85' lang='lat' dir='ltr'><strong><em>versus</em></strong></span> <span class='ocrx_word' id='word_1_120' title='bbox 1127 1611 1232 1681; x_wconf 79' lang='lat' dir='ltr'><strong><em>aliquot</em></strong></span> <span class='ocrx_word' id='word_1_121' title='bbox 1249 1611 1278 1665; x_wconf 92' lang='lat' dir='ltr'><strong><em>in</em></strong></span> <span class='ocrx_word' id='word_1_122' title='bbox 1294 1610 1351 1665; x_wconf 86' lang='lat' dir='ltr'><strong><em>diri</em></strong></span> <span class='ocrx_word' id='word_1_123' title='bbox 1367 1610 1500 1665; x_wconf 85' lang='lat' dir='ltr'><strong><em>Bernsrdi</em></strong></span> 
     </span>
     <span class='ocr_line' id='line_1_13' title="bbox 271 1713 419 1767; baseline -0.007 -2"><span class='ocrx_word' id='word_1_124' title='bbox 271 1713 419 1767; x_wconf 88' lang='lat' dir='ltr'><strong><em>honorem:</em></strong></span> 
     </span>
    </p>
   </div>
   <div class='ocr_carea' id='block_1_6' title="bbox 533 1858 1287 3498">
    <p class='ocr_par' dir='ltr' id='par_1_6' title="bbox 533 1858 1287 2504">
     <span class='ocr_line' id='line_1_14' title="bbox 533 1858 1244 1927; baseline -0.001 -15"><span class='ocrx_word' id='word_1_125' title='bbox 533 1859 619 1913; x_wconf 87' lang='lat' dir='ltr'><strong><em>Mellis</em></strong></span> <span class='ocrx_word' id='word_1_126' title='bbox 631 1859 805 1927; x_wconf 79' lang='lat' dir='ltr'><strong><em>apotheca,</em></strong></span> <span class='ocrx_word' id='word_1_127' title='bbox 822 1874 871 1912; x_wconf 86' lang='lat' dir='ltr'><strong><em>ras</em></strong></span> <span class='ocrx_word' id='word_1_128' title='bbox 884 1858 1018 1927; x_wconf 77' lang='lat' dir='ltr'><strong><em>unguinis,</em></strong></span> <span class='ocrx_word' id='word_1_129' title='bbox 1037 1874 1120 1912; x_wconf 89' lang='lat' dir='ltr'><strong><em>aurea</em></strong></span> <span class='ocrx_word' id='word_1_130' title='bbox 1137 1858 1244 1911; x_wconf 85' lang='lat' dir='ltr'><strong><em>theca</em></strong></span> 
     </span>
     <span class='ocr_line' id='line_1_15' title="bbox 533 1956 1265 2026; baseline -0.003 -14"><span class='ocrx_word' id='word_1_131' title='bbox 533 1959 592 2012; x_wconf 87' lang='lat' dir='ltr'><strong><em>Hac</em></strong></span> <span class='ocrx_word' id='word_1_132' title='bbox 604 1958 699 2012; x_wconf 87' lang='lat' dir='ltr'><strong><em>tabula</em></strong></span> <span class='ocrx_word' id='word_1_133' title='bbox 714 1956 854 2026; x_wconf 72' lang='lat' dir='ltr'><strong><em>tegitur,</em></strong></span> <span class='ocrx_word' id='word_1_134' title='bbox 871 1959 924 2012; x_wconf 85' lang='lat' dir='ltr'><strong><em>boc</em></strong></span> <span class='ocrx_word' id='word_1_135' title='bbox 937 1973 1002 2012; x_wconf 84' lang='lat' dir='ltr'><strong><em>vase</em></strong></span> <span class='ocrx_word' id='word_1_136' title='bbox 1012 1958 1090 2011; x_wconf 84' lang='lat' dir='ltr'><strong><em>brevi</em></strong></span> <span class='ocrx_word' id='word_1_137' title='bbox 1102 1957 1265 2026; x_wconf 82' lang='lat' dir='ltr'><strong><em>sepelitur.</em></strong></span> 
     </span>
     <span class='ocr_line' id='line_1_16' title="bbox 534 2055 1287 2123; baseline -0.003 -13"><span class='ocrx_word' id='word_1_138' title='bbox 534 2056 650 2110; x_wconf 86' lang='lat' dir='ltr'><strong><em>Gemma</em></strong></span> <span class='ocrx_word' id='word_1_139' title='bbox 661 2055 748 2109; x_wconf 87' lang='lat' dir='ltr'><strong><em>besto</em></strong></span> <span class='ocrx_word' id='word_1_140' title='bbox 756 2072 794 2108; x_wconf 90' lang='lat' dir='ltr'><strong><em>ru</em></strong></span> <span class='ocrx_word' id='word_1_141' title='bbox 802 2072 830 2109; x_wconf 93' lang='lat' dir='ltr'><strong><em>m</em></strong></span> <span class='ocrx_word' id='word_1_142' title='bbox 848 2055 899 2108; x_wconf 84' lang='lat' dir='ltr'><strong><em>fuit</em></strong></span> <span class='ocrx_word' id='word_1_143' title='bbox 911 2055 962 2109; x_wconf 85' lang='lat' dir='ltr'><strong><em>isle</em></strong></span> <span class='ocrx_word' id='word_1_144' title='bbox 973 2060 1051 2123; x_wconf 89' lang='lat' dir='ltr'><strong><em>pater</em></strong></span> <span class='ocrx_word' id='word_1_145' title='bbox 1061 2055 1287 2109; x_wconf 88' lang='lat' dir='ltr'><strong><em>monachorum</em></strong></span> 
     </span>
     <span class='ocr_line' id='line_1_17' title="bbox 537 2154 1211 2224; baseline 0 -16"><span class='ocrx_word' id='word_1_146' title='bbox 537 2154 630 2209; x_wconf 82' lang='lat' dir='ltr'><strong><em>Gloria</em></strong></span> <span class='ocrx_word' id='word_1_147' title='bbox 639 2159 806 2219; x_wconf 87' lang='lat' dir='ltr'><strong><em>sanctorum,</em></strong></span> <span class='ocrx_word' id='word_1_148' title='bbox 816 2154 964 2208; x_wconf 85' lang='lat' dir='ltr'><strong><em>subvectus</em></strong></span> <span class='ocrx_word' id='word_1_149' title='bbox 975 2155 1003 2208; x_wconf 90' lang='lat' dir='ltr'><strong><em>in</em></strong></span> <span class='ocrx_word' id='word_1_150' title='bbox 1013 2170 1075 2208; x_wconf 87' lang='lat' dir='ltr'><strong><em>arce</em></strong></span> <span class='ocrx_word' id='word_1_151' title='bbox 1085 2154 1211 2224; x_wconf 89' lang='lat' dir='ltr'><strong><em>polorum</em></strong></span> 
     </span>
     <span class='ocr_line' id='line_1_18' title="bbox 538 2250 1240 2320; baseline 0.003 -17"><span class='ocrx_word' id='word_1_152' title='bbox 538 2251 645 2319; x_wconf 77' lang='lat' dir='ltr'><strong><em>Regnat</em></strong></span> <span class='ocrx_word' id='word_1_153' title='bbox 657 2251 685 2305; x_wconf 90' lang='lat' dir='ltr'><strong><em>in</em></strong></span> <span class='ocrx_word' id='word_1_154' title='bbox 694 2255 825 2305; x_wconf 76' lang='lat' dir='ltr'><strong><em>eternum</em></strong></span> <span class='ocrx_word' id='word_1_155' title='bbox 842 2250 948 2319; x_wconf 85' lang='lat' dir='ltr'><strong><em>spirans</em></strong></span> <span class='ocrx_word' id='word_1_156' title='bbox 960 2251 1079 2304; x_wconf 80' lang='lat' dir='ltr'><strong><em>karisma</em></strong></span> <span class='ocrx_word' id='word_1_157' title='bbox 1090 2267 1240 2320; x_wconf 90' lang='lat' dir='ltr'><strong><em>supernum</em></strong></span> 
     </span>
     <span class='ocr_line' id='line_1_19' title="bbox 535 2348 1239 2418; baseline 0.001 -14"><span class='ocrx_word' id='word_1_158' title='bbox 535 2350 571 2404; x_wconf 91' lang='lat' dir='ltr'><strong><em>Ut</em></strong></span> <span class='ocrx_word' id='word_1_159' title='bbox 583 2364 645 2403; x_wconf 87' lang='lat' dir='ltr'><strong><em>rosa</em></strong></span> <span class='ocrx_word' id='word_1_160' title='bbox 654 2348 705 2404; x_wconf 84' lang='lat' dir='ltr'><strong><em>ilos</em></strong></span> <span class='ocrx_word' id='word_1_161' title='bbox 718 2349 843 2404; x_wconf 83' lang='lat' dir='ltr'><strong><em>redolens</em></strong></span> <span class='ocrx_word' id='word_1_162' title='bbox 854 2350 1001 2404; x_wconf 87' lang='lat' dir='ltr'><strong><em>redolendo</em></strong></span> <span class='ocrx_word' id='word_1_163' title='bbox 1011 2366 1138 2418; x_wconf 74' lang='lat' dir='ltr'><strong><em>spargere</em></strong></span> <span class='ocrx_word' id='word_1_164' title='bbox 1149 2351 1239 2405; x_wconf 84' lang='lat' dir='ltr'><strong><em>solens</em></strong></span> 
     </span>
     <span class='ocr_line' id='line_1_20' title="bbox 538 2448 1109 2504; baseline 0 -2"><span class='ocrx_word' id='word_1_165' title='bbox 538 2449 577 2502; x_wconf 80' lang='lat' dir='ltr'><strong><em>Ex</em></strong></span> <span class='ocrx_word' id='word_1_166' title='bbox 586 2465 616 2502; x_wconf 92' lang='lat' dir='ltr'><strong><em>se</em></strong></span> <span class='ocrx_word' id='word_1_167' title='bbox 628 2448 769 2504; x_wconf 87' lang='lat' dir='ltr'><strong><em>dulcorem</em></strong></span> <span class='ocrx_word' id='word_1_168' title='bbox 780 2465 829 2503; x_wconf 90' lang='lat' dir='ltr'><strong><em>seu</em></strong></span> <span class='ocrx_word' id='word_1_169' title='bbox 841 2448 985 2503; x_wconf 85' lang='lat' dir='ltr'><strong><em>suavitatis</em></strong></span> <span class='ocrx_word' id='word_1_170' title='bbox 997 2449 1109 2503; x_wconf 87' lang='lat' dir='ltr'><strong><em>odorem</em></strong></span> 
     </span>
    </p>

    <p class='ocr_par' dir='ltr' id='par_1_7' title="bbox 537 2545 1166 2614">
     <span class='ocr_line' id='line_1_21' title="bbox 537 2545 1166 2614; baseline -0.002 -15"><span class='ocrx_word' id='word_1_171' title='bbox 537 2546 580 2599; x_wconf 89' lang='lat' dir='ltr'><strong><em>Sic</em></strong></span> <span class='ocrx_word' id='word_1_172' title='bbox 593 2561 626 2599; x_wconf 82' lang='lat' dir='ltr'><strong><em>ex</em></strong></span> <span class='ocrx_word' id='word_1_173' title='bbox 640 2563 669 2599; x_wconf 91' lang='lat' dir='ltr'><strong><em>se</em></strong></span> <span class='ocrx_word' id='word_1_174' title='bbox 682 2545 781 2614; x_wconf 89' lang='lat' dir='ltr'><strong><em>sparsit</em></strong></span> <span class='ocrx_word' id='word_1_175' title='bbox 788 2560 858 2613; x_wconf 91' lang='lat' dir='ltr'><strong><em>quos</em></strong></span> <span class='ocrx_word' id='word_1_176' title='bbox 870 2545 898 2599; x_wconf 91' lang='lat' dir='ltr'><strong><em>in</em></strong></span> <span class='ocrx_word' id='word_1_177' title='bbox 910 2545 1052 2599; x_wconf 87' lang='lat' dir='ltr'><strong><em>dulcedine</em></strong></span> <span class='ocrx_word' id='word_1_178' title='bbox 1063 2545 1166 2614; x_wconf 86' lang='lat' dir='ltr'><strong><em>carpsit</em></strong></span> 
     </span>
    </p>

    <p class='ocr_par' dir='ltr' id='par_1_8' title="bbox 535 2643 1126 2698">
     <span class='ocr_line' id='line_1_22' title="bbox 535 2643 1126 2698; baseline 0 0"><span class='ocrx_word' id='word_1_179' title='bbox 535 2644 610 2698; x_wconf 86' lang='lat' dir='ltr'><strong><em>Voce</em></strong></span> <span class='ocrx_word' id='word_1_180' title='bbox 622 2661 706 2698; x_wconf 90' lang='lat' dir='ltr'><strong><em>manu</em></strong></span> <span class='ocrx_word' id='word_1_181' title='bbox 718 2644 776 2697; x_wconf 85' lang='lat' dir='ltr'><strong><em>rita</em></strong></span> <span class='ocrx_word' id='word_1_182' title='bbox 784 2648 839 2697; x_wconf 89' lang='lat' dir='ltr'><strong><em>tres</em></strong></span> <span class='ocrx_word' id='word_1_183' title='bbox 851 2643 904 2698; x_wconf 85' lang='lat' dir='ltr'><strong><em>Job</em></strong></span> <span class='ocrx_word' id='word_1_184' title='bbox 915 2643 973 2697; x_wconf 87' lang='lat' dir='ltr'><strong><em>Noe</em></strong></span> <span class='ocrx_word' id='word_1_185' title='bbox 983 2644 1126 2698; x_wconf 86' lang='lat' dir='ltr'><strong><em>Danielem</em></strong></span> 
     </span>
    </p>

    <p class='ocr_par' dir='ltr' id='par_1_9' title="bbox 536 2742 1106 2798">
     <span class='ocr_line' id='line_1_23' title="bbox 536 2742 1106 2798; baseline 0.002 -2"><span class='ocrx_word' id='word_1_186' title='bbox 536 2743 605 2798; x_wconf 85' lang='lat' dir='ltr'><strong><em>Viva</em></strong></span> <span class='ocrx_word' id='word_1_187' title='bbox 617 2743 697 2796; x_wconf 88' lang='lat' dir='ltr'><strong><em>docta</em></strong></span> <span class='ocrx_word' id='word_1_188' title='bbox 706 2749 800 2797; x_wconf 88' lang='lat' dir='ltr'><strong><em>sancta</em></strong></span> <span class='ocrx_word' id='word_1_189' title='bbox 810 2743 907 2796; x_wconf 87' lang='lat' dir='ltr'><strong><em>terruit</em></strong></span> <span class='ocrx_word' id='word_1_190' title='bbox 917 2742 1017 2798; x_wconf 90' lang='lat' dir='ltr'><strong><em>imbuit</em></strong></span> <span class='ocrx_word' id='word_1_191' title='bbox 1028 2745 1106 2797; x_wconf 89' lang='lat' dir='ltr'><strong><em>auxit</em></strong></span> 
     </span>
    </p>

    <p class='ocr_par' dir='ltr' id='par_1_10' title="bbox 536 2841 1242 3204">
     <span class='ocr_line' id='line_1_24' title="bbox 536 2841 1161 2910; baseline 0.002 -15"><span class='ocrx_word' id='word_1_192' title='bbox 536 2843 597 2895; x_wconf 84' lang='lat' dir='ltr'><strong><em>Vox</em></strong></span> <span class='ocrx_word' id='word_1_193' title='bbox 609 2842 693 2895; x_wconf 86' lang='lat' dir='ltr'><strong><em>verbo</em></strong></span> <span class='ocrx_word' id='word_1_194' title='bbox 704 2841 766 2895; x_wconf 77' lang='lat' dir='ltr'><strong><em>vitre</em></strong></span> <span class='ocrx_word' id='word_1_195' title='bbox 774 2841 877 2910; x_wconf 84' lang='lat' dir='ltr'><strong><em>scripto</em></strong></span> <span class='ocrx_word' id='word_1_196' title='bbox 889 2857 988 2895; x_wconf 87' lang='lat' dir='ltr'><strong><em>manns</em></strong></span> <span class='ocrx_word' id='word_1_197' title='bbox 999 2843 1094 2896; x_wconf 87' lang='lat' dir='ltr'><strong><em>ordine</em></strong></span> <span class='ocrx_word' id='word_1_198' title='bbox 1104 2841 1161 2896; x_wconf 85' lang='lat' dir='ltr'><strong><em>rita</em></strong></span> 
     </span>
     <span class='ocr_line' id='line_1_25' title="bbox 536 2939 1242 3010; baseline 0.006 -16"><span class='ocrx_word' id='word_1_199' title='bbox 536 2941 695 2995; x_wconf 86' lang='lat' dir='ltr'><strong><em>Barnardus</em></strong></span> <span class='ocrx_word' id='word_1_200' title='bbox 702 2939 791 3007; x_wconf 81' lang='lat' dir='ltr'><strong><em>justus</em></strong></span> <span class='ocrx_word' id='word_1_201' title='bbox 801 2940 881 3008; x_wconf 90' lang='lat' dir='ltr'><strong><em>quasi</em></strong></span> <span class='ocrx_word' id='word_1_202' title='bbox 893 2956 972 2995; x_wconf 88' lang='lat' dir='ltr'><strong><em>mons</em></strong></span> <span class='ocrx_word' id='word_1_203' title='bbox 984 2946 1012 2994; x_wconf 89' lang='lat' dir='ltr'><strong><em>et</em></strong></span> <span class='ocrx_word' id='word_1_204' title='bbox 1023 2946 1100 3010; x_wconf 89' lang='lat' dir='ltr'><strong><em>petra</em></strong></span> <span class='ocrx_word' id='word_1_205' title='bbox 1112 2943 1242 2997; x_wconf 89' lang='lat' dir='ltr'><strong><em>robustus</em></strong></span> 
     </span>
     <span class='ocr_line' id='line_1_26' title="bbox 538 3037 1151 3108; baseline 0.003 -17"><span class='ocrx_word' id='word_1_206' title='bbox 538 3037 599 3091; x_wconf 87' lang='lat' dir='ltr'><strong><em>Hoc</em></strong></span> <span class='ocrx_word' id='word_1_207' title='bbox 610 3038 639 3091; x_wconf 92' lang='lat' dir='ltr'><strong><em>in</em></strong></span> <span class='ocrx_word' id='word_1_208' title='bbox 649 3037 819 3105; x_wconf 73' lang='lat' dir='ltr'><strong><em>sarcophago</em></strong></span> <span class='ocrx_word' id='word_1_209' title='bbox 831 3041 930 3105; x_wconf 89' lang='lat' dir='ltr'><strong><em>pausat</em></strong></span> <span class='ocrx_word' id='word_1_210' title='bbox 940 3037 1048 3091; x_wconf 78' lang='lat' dir='ltr'><strong><em>virtutis</em></strong></span> <span class='ocrx_word' id='word_1_211' title='bbox 1061 3038 1151 3108; x_wconf 81' lang='lat' dir='ltr'><strong><em>imago</em></strong></span> 
     </span>
     <span class='ocr_line' id='line_1_27' title="bbox 538 3135 1194 3204; baseline -0.002 -13"><span class='ocrx_word' id='word_1_212' title='bbox 538 3137 674 3204; x_wconf 87' lang='lat' dir='ltr'><strong><em>Tempore</em></strong></span> <span class='ocrx_word' id='word_1_213' title='bbox 682 3151 781 3204; x_wconf 84' lang='lat' dir='ltr'><strong><em>nempe</em></strong></span> <span class='ocrx_word' id='word_1_214' title='bbox 792 3151 843 3189; x_wconf 90' lang='lat' dir='ltr'><strong><em>suo</em></strong></span> <span class='ocrx_word' id='word_1_215' title='bbox 856 3135 908 3189; x_wconf 86' lang='lat' dir='ltr'><strong><em>fuit</em></strong></span> <span class='ocrx_word' id='word_1_216' title='bbox 916 3135 954 3189; x_wconf 91' lang='lat' dir='ltr'><strong><em>illi</em></strong></span> <span class='ocrx_word' id='word_1_217' title='bbox 966 3153 1048 3191; x_wconf 86' lang='lat' dir='ltr'><strong><em>nemo</em></strong></span> <span class='ocrx_word' id='word_1_218' title='bbox 1057 3138 1194 3191; x_wconf 87' lang='lat' dir='ltr'><strong><em>secundus</em></strong></span> 
     </span>
    </p>

    <p class='ocr_par' dir='ltr' id='par_1_11' title="bbox 539 3233 1228 3400">
     <span class='ocr_line' id='line_1_28' title="bbox 539 3233 1228 3304; baseline 0.001 -15"><span class='ocrx_word' id='word_1_219' title='bbox 539 3235 570 3289; x_wconf 90' lang='lat' dir='ltr'><strong><em>In</em></strong></span> <span class='ocrx_word' id='word_1_220' title='bbox 580 3234 649 3302; x_wconf 74' lang='lat' dir='ltr'><strong><em>iuris</em></strong></span> <span class='ocrx_word' id='word_1_221' title='bbox 658 3233 732 3288; x_wconf 85' lang='lat' dir='ltr'><strong><em>bivio</em></strong></span> <span class='ocrx_word' id='word_1_222' title='bbox 742 3234 816 3302; x_wconf 91' lang='lat' dir='ltr'><strong><em>quad</em></strong></span> <span class='ocrx_word' id='word_1_223' title='bbox 825 3249 881 3287; x_wconf 91' lang='lat' dir='ltr'><strong><em>non</em></strong></span> <span class='ocrx_word' id='word_1_224' title='bbox 893 3234 966 3288; x_wconf 85' lang='lat' dir='ltr'><strong><em>valet</em></strong></span> <span class='ocrx_word' id='word_1_225' title='bbox 976 3251 1072 3304; x_wconf 83' lang='lat' dir='ltr'><strong><em>erpere</em></strong></span> <span class='ocrx_word' id='word_1_226' title='bbox 1084 3236 1098 3267; x_wconf 74' lang='lat'>*</span> <span class='ocrx_word' id='word_1_227' title='bbox 1109 3236 1228 3290; x_wconf 90' lang='lat' dir='ltr'><strong><em>mundus</em></strong></span> 
     </span>
     <span class='ocr_line' id='line_1_29' title="bbox 539 3332 1135 3400; baseline 0 -14"><span class='ocrx_word' id='word_1_228' title='bbox 539 3332 660 3387; x_wconf 86' lang='lat' dir='ltr'><strong><em>Duleedo</em></strong></span> <span class='ocrx_word' id='word_1_229' title='bbox 672 3332 751 3400; x_wconf 89' lang='lat' dir='ltr'><strong><em>cujus</em></strong></span> <span class='ocrx_word' id='word_1_230' title='bbox 763 3337 904 3385; x_wconf 89' lang='lat' dir='ltr'><strong><em>auctorem</em></strong></span> <span class='ocrx_word' id='word_1_231' title='bbox 913 3333 1043 3386; x_wconf 87' lang='lat' dir='ltr'><strong><em>carminis</em></strong></span> <span class='ocrx_word' id='word_1_232' title='bbox 1052 3333 1135 3400; x_wconf 87' lang='lat' dir='ltr'><strong><em>hujus</em></strong></span> 
     </span>
    </p>

    <p class='ocr_par' dir='ltr' id='par_1_12' title="bbox 541 3429 1163 3498">
     <span class='ocr_line' id='line_1_30' title="bbox 541 3429 1163 3498; baseline 0.002 -13"><span class='ocrx_word' id='word_1_233' title='bbox 541 3432 587 3485; x_wconf 76' lang='lat' dir='ltr'><strong><em>Est</em></strong></span> <span class='ocrx_word' id='word_1_234' title='bbox 598 3431 646 3485; x_wconf 91' lang='lat' dir='ltr'><strong><em>ubi</em></strong></span> <span class='ocrx_word' id='word_1_235' title='bbox 659 3430 715 3484; x_wconf 86' lang='lat' dir='ltr'><strong><em>rita</em></strong></span> <span class='ocrx_word' id='word_1_236' title='bbox 723 3429 776 3484; x_wconf 89' lang='lat' dir='ltr'><strong><em>sibi</em></strong></span> <span class='ocrx_word' id='word_1_237' title='bbox 786 3446 831 3484; x_wconf 87' lang='lat' dir='ltr'><strong><em>me</em></strong></span> <span class='ocrx_word' id='word_1_238' title='bbox 842 3430 893 3483; x_wconf 90' lang='lat' dir='ltr'><strong><em>sibi</em></strong></span> <span class='ocrx_word' id='word_1_239' title='bbox 901 3430 997 3498; x_wconf 79' lang='lat' dir='ltr'><strong><em>jungat</em></strong></span> <span class='ocrx_word' id='word_1_240' title='bbox 1007 3429 1053 3484; x_wconf 93' lang='lat' dir='ltr'><strong><em>ibi.</em></strong></span> <span class='ocrx_word' id='word_1_241' title='bbox 1065 3431 1163 3486; x_wconf 86' lang='lat' dir='ltr'><strong><em>Amen.</em></strong></span> 
     </span>
    </p>
   </div>
   <div class='ocr_carea' id='block_1_7' title="bbox 276 3624 1511 4285">
    <p class='ocr_par' dir='ltr' id='par_1_13' title="bbox 276 3624 1511 4285">
     <span class='ocr_line' id='line_1_31' title="bbox 309 3624 1508 3695; baseline 0.002 -16"><span class='ocrx_word' id='word_1_242' title='bbox 309 3625 411 3679; x_wconf 84' lang='lat' dir='ltr'><strong><em>Eadem</em></strong></span> <span class='ocrx_word' id='word_1_243' title='bbox 436 3625 534 3694; x_wconf 75' lang='lat' dir='ltr'><strong><em>pagina</em></strong></span> <span class='ocrx_word' id='word_1_244' title='bbox 556 3624 698 3693; x_wconf 74' lang='lat' dir='ltr'><strong><em>descripta</em></strong></span> <span class='ocrx_word' id='word_1_245' title='bbox 720 3629 785 3680; x_wconf 90' lang='lat' dir='ltr'><strong><em>sunt</em></strong></span> <span class='ocrx_word' id='word_1_246' title='bbox 800 3625 928 3695; x_wconf 75' lang='lat' dir='ltr'><strong><em>Epistola</em></strong></span> <span class='ocrx_word' id='word_1_247' title='bbox 946 3626 1006 3680; x_wconf 79' lang='lat' dir='ltr'><strong><em>dua</em></strong></span> <span class='ocrx_word' id='word_1_248' title='bbox 1023 3625 1171 3681; x_wconf 80' lang='lat' dir='ltr'><strong><em>Alexandri</em></strong></span> <span class='ocrx_word' id='word_1_249' title='bbox 1188 3627 1227 3680; x_wconf 90' lang='lat'><strong><em>111</em></strong></span> <span class='ocrx_word' id='word_1_250' title='bbox 1245 3628 1279 3681; x_wconf 91' lang='lat' dir='ltr'><strong><em>de</em></strong></span> <span class='ocrx_word' id='word_1_251' title='bbox 1302 3625 1508 3681; x_wconf 83' lang='lat' dir='ltr'><strong><em>canonizatione</em></strong></span> 
     </span>
     <span class='ocr_line' id='line_1_32' title="bbox 276 3723 1511 3793; baseline 0 -14"><span class='ocrx_word' id='word_1_252' title='bbox 276 3724 350 3779; x_wconf 85' lang='lat' dir='ltr'><strong><em>besti</em></strong></span> <span class='ocrx_word' id='word_1_253' title='bbox 362 3724 422 3789; x_wconf 87' lang='lat' dir='ltr'><strong><em>riri,</em></strong></span> <span class='ocrx_word' id='word_1_254' title='bbox 434 3723 520 3778; x_wconf 87' lang='lat' dir='ltr'><strong><em>altera</em></strong></span> <span class='ocrx_word' id='word_1_255' title='bbox 532 3724 596 3778; x_wconf 82' lang='lat' dir='ltr'><strong><em>data</em></strong></span> <span class='ocrx_word' id='word_1_256' title='bbox 612 3724 743 3793; x_wconf 76' lang='lat' dir='ltr'><strong><em>Anagnia</em></strong></span> <span class='ocrx_word' id='word_1_257' title='bbox 754 3740 801 3778; x_wconf 81' lang='lat' dir='ltr'><strong><em>xvi</em></strong></span> <span class='ocrx_word' id='word_1_258' title='bbox 818 3724 871 3778; x_wconf 81' lang='lat' dir='ltr'><strong><em>lai</em></strong></span> <span class='ocrx_word' id='word_1_259' title='bbox 889 3723 968 3779; x_wconf 84' lang='lat' dir='ltr'><strong><em>Febr.</em></strong></span> <span class='ocrx_word' id='word_1_260' title='bbox 979 3725 1015 3778; x_wconf 89' lang='lat' dir='ltr'><strong><em>ad</em></strong></span> <span class='ocrx_word' id='word_1_261' title='bbox 1025 3725 1141 3779; x_wconf 87' lang='lat' dir='ltr'><strong><em>abbates</em></strong></span> <span class='ocrx_word' id='word_1_262' title='bbox 1157 3724 1267 3780; x_wconf 90' lang='lat' dir='ltr'><strong><em>Ordinis</em></strong></span> <span class='ocrx_word' id='word_1_263' title='bbox 1279 3724 1465 3780; x_wconf 85' lang='lat' dir='ltr'><strong><em>Cisterciensis</em></strong></span> <span class='ocrx_word' id='word_1_264' title='bbox 1482 3730 1511 3780; x_wconf 88' lang='lat' dir='ltr'><strong><em>et</em></strong></span> 
     </span>
     <span class='ocr_line' id='line_1_33' title="bbox 277 3822 1510 3893; baseline 0.001 -16"><span class='ocrx_word' id='word_1_265' title='bbox 277 3822 350 3877; x_wconf 86' lang='lat' dir='ltr'><strong><em>edita</em></strong></span> <span class='ocrx_word' id='word_1_266' title='bbox 372 3823 446 3892; x_wconf 87' lang='lat' dir='ltr'><strong><em>apud</em></strong></span> <span class='ocrx_word' id='word_1_267' title='bbox 469 3823 663 3887; x_wconf 78' lang='lat' dir='ltr'><strong><em>Fontaninum,</em></strong></span> <span class='ocrx_word' id='word_1_268' title='bbox 688 3825 778 3878; x_wconf 65' lang='lat' dir='ltr'><strong><em>Codro</em></strong></span> <span class='ocrx_word' id='word_1_269' title='bbox 802 3825 1055 3889; x_wconf 79' lang='lat' dir='ltr'><strong><em>Conantecttonnm,</em></strong></span> <span class='ocrx_word' id='word_1_270' title='bbox 1075 3840 1101 3892; x_wconf 91' lang='lat' dir='ltr'><strong><em>p.</em></strong></span> <span class='ocrx_word' id='word_1_271' title='bbox 1121 3824 1161 3889; x_wconf 75' lang='lat' dir='ltr'><strong><em>al,</em></strong></span> <span class='ocrx_word' id='word_1_272' title='bbox 1182 3824 1267 3879; x_wconf 86' lang='lat' dir='ltr'><strong><em>altera</em></strong></span> <span class='ocrx_word' id='word_1_273' title='bbox 1291 3825 1354 3878; x_wconf 86' lang='lat' dir='ltr'><strong><em>data</em></strong></span> <span class='ocrx_word' id='word_1_274' title='bbox 1378 3823 1510 3893; x_wconf 68' lang='lat' dir='ltr'><strong><em>Anagniae</em></strong></span> 
     </span>
     <span class='ocr_line' id='line_1_34' title="bbox 277 3921 1511 3992; baseline 0.002 -16"><span class='ocrx_word' id='word_1_275' title='bbox 277 3937 315 3976; x_wconf 81' lang='lat' dir='ltr'><strong><em>xv</em></strong></span> <span class='ocrx_word' id='word_1_276' title='bbox 325 3921 377 3976; x_wconf 79' lang='lat' dir='ltr'><strong><em>lral.</em></strong></span> <span class='ocrx_word' id='word_1_277' title='bbox 389 3922 453 3976; x_wconf 83' lang='lat' dir='ltr'><strong><em>Feb.</em></strong></span> <span class='ocrx_word' id='word_1_278' title='bbox 466 3922 501 3975; x_wconf 88' lang='lat' dir='ltr'><strong><em>ad</em></strong></span> <span class='ocrx_word' id='word_1_279' title='bbox 512 3921 680 3975; x_wconf 83' lang='lat' dir='ltr'><strong><em>Ludovicum</em></strong></span> <span class='ocrx_word' id='word_1_280' title='bbox 694 3922 862 3976; x_wconf 83' lang='lat' dir='ltr'><strong><em>Francorum</em></strong></span> <span class='ocrx_word' id='word_1_281' title='bbox 874 3937 975 3992; x_wconf 72' lang='lat' dir='ltr'><strong><em>regem,</em></strong></span> <span class='ocrx_word' id='word_1_282' title='bbox 985 3922 1048 3977; x_wconf 89' lang='lat' dir='ltr'><strong><em>edit.</em></strong></span> <span class='ocrx_word' id='word_1_283' title='bbox 1060 3922 1133 3988; x_wconf 79' lang='lat' dir='ltr'><strong><em>ibid,</em></strong></span> <span class='ocrx_word' id='word_1_284' title='bbox 1143 3939 1168 3991; x_wconf 92' lang='lat' dir='ltr'><strong><em>p.</em></strong></span> <span class='ocrx_word' id='word_1_285' title='bbox 1177 3923 1217 3976; x_wconf 76' lang='lat' dir='ltr'><strong><em>bo.</em></strong></span> <span class='ocrx_word' id='word_1_286' title='bbox 1226 3953 1258 3961; x_wconf 92' lang='lat'><strong><em>--</em></strong></span> <span class='ocrx_word' id='word_1_287' title='bbox 1269 3924 1335 3978; x_wconf 90' lang='lat' dir='ltr'><strong><em>Post</em></strong></span> <span class='ocrx_word' id='word_1_288' title='bbox 1345 3924 1371 3978; x_wconf 92' lang='lat' dir='ltr'><strong><em>S.</em></strong></span> <span class='ocrx_word' id='word_1_289' title='bbox 1378 3923 1511 3978; x_wconf 81' lang='lat' dir='ltr'><strong><em>Bernardi</em></strong></span> 
     </span>
     <span class='ocr_line' id='line_1_35' title="bbox 278 4020 1510 4092; baseline 0.002 -17"><span class='ocrx_word' id='word_1_290' title='bbox 278 4020 450 4090; x_wconf 88' lang='lat' dir='ltr'><strong><em>epitaphium</em></strong></span> <span class='ocrx_word' id='word_1_291' title='bbox 471 4021 563 4075; x_wconf 88' lang='lat' dir='ltr'><strong><em>addita</em></strong></span> <span class='ocrx_word' id='word_1_292' title='bbox 575 4026 617 4075; x_wconf 90' lang='lat' dir='ltr'><strong><em>est</em></strong></span> <span class='ocrx_word' id='word_1_293' title='bbox 628 4020 749 4074; x_wconf 87' lang='lat' dir='ltr'><strong><em>narratio</em></strong></span> <span class='ocrx_word' id='word_1_294' title='bbox 762 4022 796 4075; x_wconf 87' lang='lat' dir='ltr'><strong><em>de</em></strong></span> <span class='ocrx_word' id='word_1_295' title='bbox 813 4022 932 4090; x_wconf 74' lang='lat' dir='ltr'><strong><em>imagine</em></strong></span> <span class='ocrx_word' id='word_1_296' title='bbox 944 4021 1030 4076; x_wconf 77' lang='lat' dir='ltr'><strong><em>beata</em></strong></span> <span class='ocrx_word' id='word_1_297' title='bbox 1041 4021 1133 4076; x_wconf 83' lang='lat' dir='ltr'><strong><em>Mariae</em></strong></span> <span class='ocrx_word' id='word_1_298' title='bbox 1147 4022 1259 4092; x_wconf 69' lang='lat' dir='ltr'><strong><em>viminis</em></strong></span> <span class='ocrx_word' id='word_1_299' title='bbox 1273 4038 1334 4091; x_wconf 81' lang='lat' dir='ltr'><strong><em>quae</em></strong></span> <span class='ocrx_word' id='word_1_300' title='bbox 1347 4022 1445 4077; x_wconf 87' lang='lat' dir='ltr'><strong><em>colitur</em></strong></span> <span class='ocrx_word' id='word_1_301' title='bbox 1455 4022 1510 4078; x_wconf 87' lang='lat' dir='ltr'><strong><em>Sai-</em></strong></span> 
     </span>
     <span class='ocr_line' id='line_1_36' title="bbox 279 4119 1509 4189; baseline 0.004 -16"><span class='ocrx_word' id='word_1_302' title='bbox 279 4120 410 4185; x_wconf 87' lang='lat' dir='ltr'><strong><em>daneidse‚</em></strong></span> <span class='ocrx_word' id='word_1_303' title='bbox 426 4121 473 4188; x_wconf 92' lang='lat' dir='ltr'><strong><em>qui</em></strong></span> <span class='ocrx_word' id='word_1_304' title='bbox 484 4121 562 4175; x_wconf 88' lang='lat' dir='ltr'><strong><em>locus</em></strong></span> <span class='ocrx_word' id='word_1_305' title='bbox 579 4121 613 4174; x_wconf 89' lang='lat' dir='ltr'><strong><em>ad</em></strong></span> <span class='ocrx_word' id='word_1_306' title='bbox 626 4120 678 4175; x_wconf 90' lang='lat' dir='ltr'><strong><em>tria</em></strong></span> <span class='ocrx_word' id='word_1_307' title='bbox 689 4119 776 4174; x_wconf 90' lang='lat' dir='ltr'><strong><em>millia</em></strong></span> <span class='ocrx_word' id='word_1_308' title='bbox 787 4121 922 4175; x_wconf 85' lang='lat' dir='ltr'><strong><em>Damasco</em></strong></span> <span class='ocrx_word' id='word_1_309' title='bbox 940 4121 1030 4175; x_wconf 76' lang='lat' dir='ltr'><strong><em>distat.</em></strong></span> <span class='ocrx_word' id='word_1_310' title='bbox 1047 4121 1101 4176; x_wconf 86' lang='lat' dir='ltr'><strong><em>Cir.</em></strong></span> <span class='ocrx_word' id='word_1_311' title='bbox 1119 4122 1263 4187; x_wconf 78' lang='lat' dir='ltr'><strong><em>Batonius,</em></strong></span> <span class='ocrx_word' id='word_1_312' title='bbox 1276 4123 1396 4177; x_wconf 79' lang='lat' dir='ltr'><strong><em>Annales</em></strong></span> <span class='ocrx_word' id='word_1_313' title='bbox 1413 4123 1509 4189; x_wconf 73' lang='lat' dir='ltr'><strong><em>eccles,</em></strong></span> 
     </span>
     <span class='ocr_line' id='line_1_37' title="bbox 278 4219 606 4285; baseline 0 -12"><span class='ocrx_word' id='word_1_314' title='bbox 278 4219 315 4273; x_wconf 90' lang='lat' dir='ltr'><strong><em>ad</em></strong></span> <span class='ocrx_word' id='word_1_315' title='bbox 329 4234 372 4273; x_wconf 87' lang='lat' dir='ltr'><strong><em>an.</em></strong></span> <span class='ocrx_word' id='word_1_316' title='bbox 383 4219 440 4285; x_wconf 86' lang='lat'><strong><em>870,</em></strong></span> <span class='ocrx_word' id='word_1_317' title='bbox 449 4236 525 4275; x_wconf 91' lang='lat' dir='ltr'><strong><em>num.</em></strong></span> <span class='ocrx_word' id='word_1_318' title='bbox 536 4235 606 4274; x_wconf 82' lang='lat' dir='ltr'><strong><em>mn.</em></strong></span> 
     </span>
    </p>
   </div>
   <div class='ocr_carea' id='block_1_8' title="bbox 0 0 1657 5400">
    <p class='ocr_par' dir='ltr' id='par_1_14' title="bbox 0 0 1657 5400">
     <span class='ocr_line' id='line_1_38' title="bbox 0 0 1657 5400; baseline 0 0"><span class='ocrx_word' id='word_1_319' title='bbox 0 0 1657 5400; x_wconf 95' lang='lat' dir='ltr'><strong><em> </em></strong></span> 
     </span>
    </p>
   </div>
  </div>
 </body>
</html>
