3270 5400
393 332 487 384 areu.
505 332 586 384 nno.
604 333 777 386 anuxrur..
798 356 844 365 —-
862 335 1009 389 terrun.
1028 338 1075 388 an
1092 339 1172 392 con.
1190 330 1229 390 u⁰
1244 337 1320 393 rias.
1424 323 1472 395 49

244 521 315 589 regis
327 520 473 588 majestate
490 539 572 593 super
590 523 644 578 hoc
656 524 765 592 negotio
774 524 924 593 quidquam
938 525 1127 594 interrogatus,
1139 527 1309 585 Theoderico
1326 531 1474 600 malignan-

244 619 314 673 tium
325 619 398 688 parti
410 621 423 655 1
435 619 463 674 in
480 620 525 675 bis
542 621 555 657 ¹
571 621 691 684 credulo,
709 622 847 690 aproprio
858 623 983 677 sublatus
1000 624 1147 693 episcopio,
1159 626 1222 680 exul
1233 628 1309 681 abire
1324 629 1416 696 jussus
1432 635 1474 684 est

243 718 392 773 immerito.
406 719 459 787 Qui
471 737 538 775 ores
554 720 609 776 sibi
620 721 738 775 creditas
749 725 851 776 sanetae
868 722 995 777 Trinitati
1011 726 1208 780 commendans
1224 727 1318 796 sicque
1335 729 1387 782 sibi
1406 730 1429 764 ¹¹
1446 730 1473 784 in

244 818 436 886 persecutione
445 820 575 888 gaudens,
582 820 678 874 relicto
688 837 753 874 vero
762 820 836 890 gregi
845 821 1003 886 condoleus,
1011 827 1042 876 ut
1052 823 1073 858 ¹¹
1083 825 1222 892 quondam
1232 825 1364 881 innocens
1372 829 1474 899 loseph

209 918 349 970 thonore
367 918 494 987 priuatus
505 919 554 972 sed
566 918 730 973 innocentie
741 919 916 989 simplicitate
933 921 1056 988 vestitus,
1073 923 1108 976 ad
1126 922 1216 977 locum
1233 925 1276 979 sui
1294 925 1474 982 libentissime

241 1015 408 1085 properabat
426 1016 508 1071 exilii.
521 1016 592 1071 Turn
607 1018 630 1052 ¹¹
641 1034 707 1071 vero
720 1033 753 1071 ex
763 1019 842 1087 jussu
859 1018 967 1087 tyranni
984 1019 1019 1072 ad
1035 1020 1179 1083 Peronam,
1192 1038 1253 1090 qum
1270 1028 1312 1076 est
1323 1022 1389 1077 urbs
1399 1023 1474 1092 regia

240 1115 270 1168 in
288 1131 358 1184 pago
377 1115 620 1181 Viromandornm,
638 1133 725 1186 usque
741 1118 896 1186 perductus,
913 1118 1015 1171 ibidem
1028 1119 1079 1173 sub
1097 1120 1248 1175 honorifico
1261 1121 1361 1175 abbate
1373 1122 1473 1177 Ullano

240 1214 377 1268 custodie
385 1215 508 1284 perstitit
516 1217 696 1286 mancipatus.

285 1313 341 1371 14.
361 1313 470 1367 Etenim
486 1314 497 1347 1
515 1319 647 1368 vernante
666 1313 793 1382 regaliter
808 1314 949 1382 quondam
961 1315 1094 1383 Sigeberti
1111 1332 1202 1383 regno,
1220 1315 1267 1385 qui
1283 1315 1369 1370 frater
1385 1319 1474 1372 tuerat

194 1416 223 1465 tt
241 1412 348 1481 praelati
356 1412 502 1466 Lucdorei
513 1409 526 1444 ¹
536 1426 569 1464 ex
580 1411 638 1477 jam
647 1411 721 1464 dicto
732 1410 896 1479 Dagoberto,
908 1426 971 1465 cum
983 1410 1157 1464 Grimoaldus
1168 1411 1180 1444 1
1192 1416 1263 1465 esset
1274 1412 1363 1480 major
1375 1414 1474 1468 domus

241 1515 270 1564 et
281 1509 618 1578 Herchennaldus⁴quasi
630 1509 760 1578 patricius
768 1509 836 1578 ejus.
847 1511 957 1563 sanctus
966 1509 1083 1563 Furseus
1095 1509 1122 1562 in
1135 1509 1266 1564 Hibernia
1275 1527 1309 1564 ex
1316 1512 1401 1580 regali
1411 1530 1474 1582 pro·
1568 1576 1569 1580 .

241 1607 320 1675 genie
339 1606 483 1671 oriundus,
501 1607 593 1674 quiet
610 1606 731 1674 angelica
747 1605 904 1660 visitatione
921 1606 955 1659 de
971 1605 1065 1660 multis
1082 1605 1172 1660 fuerat
1191 1607 1356 1672 admonitus,
1373 1610 1474 1664 relictis

241 1706 402 1776 parentibus
414 1711 442 1760 et
453 1706 550 1774 patria,
561 1705 705 1759 Franciam
714 1705 801 1773 petiit,
813 1722 862 1773 pro
875 1704 987 1759 nomine
996 1705 1106 1759 Domini
1114 1705 1280 1774 peregrinus.
1289 1707 1355 1760 lude
1364 1725 1429 1763 vero
1438 1710 1474 1763 ab

242 1805 433 1859 Erehennaldo
445 1811 588 1873 susceptus
599 1810 627 1858 et
638 1804 666 1858 in
675 1804 832 1873 praescripto
844 1803 905 1857 loco
917 1803 1029 1873 positus,
1041 1820 1129 1872 usque
1145 1805 1180 1857 ad
1198 1805 1296 1859 horam
1314 1806 1356 1860 sui
1375 1807 1473 1872 obitus,

199 1910 227 1961 tt
242 1904 396 1958 honorifico
413 1904 512 1959 habitu
532 1908 615 1972 atque
632 1903 826 1957 honestissime
844 1907 885 1956 est
905 1902 1062 1956 tumulatus.
1079 1903 1144 1957 Post
1164 1905 1242 1972 cujus
1259 1890 1473 1962 decessum'duo

243 2003 364 2073 germani
388 2004 456 2071 ejus.
480 2008 590 2057 sanetus
613 1983 716 2056 scilicet
733 2002 872 2056 Foillanus
892 2002 1036 2070 episeopus
1059 2006 1086 2055 et
1110 2007 1174 2056 ante
1199 2008 1367 2058 monstratus
1387 2005 1473 2061 abbas

245 2102 365 2166 Ultanus,
383 2102 505 2156 fraterno
518 2102 592 2156 ducti
605 2117 708 2166 amore,
720 2101 805 2154 immo
824 2101 917 2154 divina
934 2100 1106 2154 ordinatione
1118 2101 1322 2170 subsequentes,
1333 2102 1472 2159 Foillanus

245 2201 384 2255 l'ossensis
400 2200 520 2255 caenobii
537 2200 679 2270 privilegio
691 2200 801 2269 potitus,
819 2199 935 2253 Ultanus
952 2215 1061 2268 quoque
1073 2215 1139 2253 cura
1151 2201 1322 2268 paternitatis
1340 2202 1374 2255 de
1392 2203 1472 2257 Pero·

246 2300 319 2354 nensi
330 2299 504 2354 monasterio
520 2300 684 2369 implicatus,
702 2304 729 2353 et
747 2299 870 2353 moribus
887 2297 1031 2366 viguerunt
1048 2302 1076 2352 et
1092 2299 1198 2353 actibus
1216 2299 1369 2355 valuerunt.

207 2403 234 2454 te
286 2397 341 2455 15.
363 2397 513 2450 Enimvero
527 2397 537 2430 ¹
549 2413 626 2450 sacer
634 2395 733 2464 praesul
745 2395 889 2459 ¹Amatus,
898 2395 963 2448 sede
974 2394 1115 2464 praesulari
1126 2396 1138 2429 ¹
1150 2395 1289 2465 depositus
1298 2400 1325 2449 et
1334 2395 1361 2449 in
1373 2398 1469 2452 eodem

248 2495 302 2550 loeo
314 2498 366 2550 suh
379 2494 507 2549 custodia
518 2493 632 2561 positus,
644 2509 678 2545 ne
691 2492 746 2545 ullo
759 2492 842 2545 modo
860 2508 877 2542 a
888 2490 931 2543 sui
942 2495 1015 2544 statu
1028 2490 1160 2560 propositi
1173 2495 1265 2558 posset
1276 2492 1365 2555 avelli,
1382 2493 1471 2548 sedin

248 2595 392 2648 maranus
407 2592 472 2647 fidei
486 2590 617 2659 patientia
634 2590 802 2643 inveniretur
814 2589 864 2642 ut⁴
880 2605 990 2656 semper
1001 2588 1111 2650 versari,
1123 2589 1250 2656 prudenti
1263 2589 1355 2658 vigore
1374 2607 1471 2645 sensus

249 2709 276 2746 ac
291 2694 365 2748 dono
387 2691 581 2747 continebatur
598 2689 664 2745 almi
676 2689 799 2757 Spiritus,
816 2688 955 2741 Nutricem
972 2687 1090 2755 denique
1107 2704 1194 2750 suam,
1211 2704 1305 2742 reram
1323 2689 1335 2722 ¹
1352 2689 1471 2757 philoso-

250 2792 345 2859 phiam,
357 2791 411 2845 sibi
423 2791 531 2845 blandis
548 2789 678 2843 fomentis
693 2793 788 2857 pectus
800 2787 1000 2841 demulcentem
1014 2786 1158 2855 tristesque
1169 2803 1237 2856 quas
1253 2786 1394 2842 invenerat
1405 2789 1471 2857 pha·

214 2891 335 2959 branges
351 2891 432 2959 longe
444 2890 593 2958 fugantem,
610 2904 815 2957 recognoscens
827 2887 940 2955 ejusque
952 2885 1039 2938 rultui
1051 2885 1193 2954 perspicuo
1207 2886 1295 2939 risum
1309 2888 1400 2941 cordis
1412 2904 1470 2956 per-

251 2988 312 3042 fecte
335 2988 505 3056 imprimens,
523 2985 674 3041 blandienti
693 2985 841 3039 admodum
866 2982 1052 3036 delectabatur
1069 2982 1089 3045 ¹,
1110 2987 1137 3034 et
1158 2982 1185 3035 in
1205 2983 1258 3036 hae
1281 2983 1471 3038 consolatione

252 3087 447 3150 sublevabatur,
460 3091 591 3154 reputans
603 3086 684 3140 etiam
703 3084 834 3153 quoniam
848 3099 904 3136 non
919 3086 983 3135 sunt
1000 3081 1141 3150 condignae
1155 3082 1296 3150 passiones
1308 3082 1390 3151 hujus
1402 3087 1471 3138 tern-

253 3187 316 3254 poris
335 3186 370 3239 ad
397 3190 624 3254 superventuram
644 3184 768 3252 gloriam,
788 3199 849 3251 quae
869 3178 1035 3234 revelabitur
1055 3179 1066 3212 ¹
1089 3178 1118 3233 in
1138 3179 1239 3232 sanclis
1256 3180 1275 3244 ⁸,
1294 3196 1401 3234 necnon
1420 3198 1470 3250 pro

252 3280 377 3350 aliquibus
389 3283 489 3336 merito
501 3280 553 3335 sibi
565 3281 696 3335 accidisse
707 3279 832 3348 peccatis.
845 3278 878 3331 Et
890 3276 954 3346 quia
965 3276 1032 3330 dicit
1046 3276 1185 3344 apostolus
1198 3277 1209 3311 ¹
1221 3296 1227 3330 :
1242 3277 1323 3331 Omne
1338 3281 1470 3345 gaudium

217 3385 239 3436 n
251 3383 390 3434 aldimata
399 3380 432 3447 ¹¹,
441 3398 501 3433 cum
510 3382 705 3433 intentationes
714 3381 807 3432 corios
817 3378 840 3411 ¹¹
852 3378 1012 3440 incideritis,
1021 3374 1178 3428 tentationis
1187 3375 1322 3429 turbinem
1336 3377 1470 3446 patienter

252 3479 388 3532 sufferebat
400 3485 429 3533 et
448 3480 603 3548 passionem
618 3479 641 3512 ¹¹
654 3477 808 3546 ignominiae
819 3474 1005 3545 supportabat,
1017 3473 1121 3527 scilicet
1133 3473 1156 3506 ¹¹
1174 3474 1262 3527 sciens
1279 3475 1408 3544 scriptum
1422 3492 1470 3544 per

252 3577 341 3631 nulus
357 3578 527 3632 tentationes
539 3578 561 3613 ¹⁴
573 3578 730 3631 intrandum
744 3577 767 3611 ¹¹
778 3592 891 3644 regnum
910 3574 1048 3629 coelorum.

285 3675 337 3734 16.
359 3676 402 3729 Ad
426 3676 437 3709 1
462 3675 503 3728 sui
521 3674 604 3744 igitur
624 3675 756 3742 juramen
773 3688 880 3725 sacrum
899 3672 972 3725 beati
989 3673 1104 3725 Ullani¹
1121 3671 1312 3739 experiebatur
1328 3668 1467 3731 solamen,

251 3872 294 3908 —⁸
307 3871 430 3940 partibus
438 3871 468 3933 3;
477 3868 576 3939 parlim
588 3870 612 3921 l.
622 3897 654 3906 ·-
663 3869 675 3902 ¹
685 3866 724 3934 (in
732 3868 769 3929 b.)
781 3866 863 3919 nimis
871 3868 895 3919 3.
908 3896 936 3903 --
948 3867 970 3899 ¹⁰
979 3865 1055 3932 (sieq.
1064 3867 1096 3930 a.)
1106 3864 1213 3933 sibique
1222 3865 1246 3917 3.
1257 3892 1288 3903 -
1301 3865 1322 3898 ¹¹
1333 3863 1468 3930 (ul-vesti·

251 3955 296 4020 tus)
308 3973 357 4008 om.
368 3956 386 4008 3
402 3982 436 3993 ·-
446 3954 470 3988 ¹¹
479 3953 557 4006 Tunc
568 3952 592 4006 3.

275 4032 344 4088 llam
364 4033 405 4087 14.
423 4061 453 4072 -
469 4034 478 4068 ¹
491 4041 561 4087 totus
570 4049 643 4084 num.
660 4032 730 4084 deest
740 4032 770 4082 in
784 4029 808 4081 2.
822 4056 851 4066 -
864 4029 876 4061 ¹
887 4027 1009 4081 Ludovei
1025 4029 1057 4090 3;
1070 4027 1201 4081 Clodorei
1213 4029 1237 4081 l.
1255 4055 1285 4063 -
1299 4028 1311 4060 ⁸
1323 4027 1395 4081 iilius
1407 4028 1467 4097 Pip·

250 4116 295 4184 pini
308 4116 437 4186 principis
452 4121 480 4170 et
498 4115 582 4169 irater
600 4114 687 4167 beatae
700 4111 841 4165 Gertrudis
858 4110 971 4178 virginis
988 4114 1050 4163 odd.
1063 4110 1086 4163 4.
1099 4141 1123 4148 -
1140 4110 1467 4172 ⁴E1·ehenaldus3;Her·

250 4198 437 4336 thffidlllgf-
449 4281 458 4314 ¹
468 4275 788 4342 (Enimvero-turbinem)
798 4274 881 4342 Cujus
890 4290 968 4327 sacro
978 4273 1110 4327 solamine
1120 4273 1302 4327 tentationum
1313 4273 1435 4328 turbines
1442 4277 1466 4328 3.

249 4387 274 4402 -·
284 4365 295 4398 1
305 4363 379 4434 (sp.)
390 4362 514 4433 pontifex
527 4363 552 4424 3,
563 4363 587 4414 l.
598 4389 627 4398 -
638 4361 650 4394 ¹
662 4376 723 4412 cum
738 4362 796 4412 toto
806 4356 983 4410 sublimitatis
992 4356 1090 4409 decore
1099 4359 1162 4409 odd.
1173 4358 1198 4421 3,
1210 4358 1234 4409 d.
1244 4355 1295 4395 -⁴
1307 4374 1357 4410 om.
1366 4358 1390 4420 3,
1402 4359 1426 4410 4.
1436 4390 1467 4397 -

249 4441 352 4513 ¹ulique
361 4448 425 4499 odd.
437 4446 461 4507 3,
472 4446 497 4497 d.
507 4473 537 4481 -
550 4444 562 4476 ¹
575 4441 846 4501 condelectabatur3,
858 4441 882 4492 4.
901 4439 947 4477 -1
958 4439 1094 4491 revelatur
1104 4440 1129 4491 4.
1138 4467 1170 4474 -
1179 4439 1191 4471 ⁸
1200 4437 1280 4490 nobis
1289 4440 1312 4491 3.
1325 4469 1356 4476 -
1369 4440 1467 4494 ¹laco·

250 4523 292 4578 bus
302 4529 362 4580 odd.
373 4527 398 4580 3.
410 4553 443 4562 —-
454 4526 477 4559 ¹⁰
486 4525 584 4578 fratres
596 4525 651 4577 mei
663 4525 727 4576 odd.
738 4523 763 4576 3.
782 4549 815 4558 -
833 4521 854 4553 ¹¹
868 4519 1067 4572 tentationibus
1084 4519 1168 4571 variis
1181 4519 1205 4570 3.
1217 4545 1249 4554 -
1266 4519 1290 4552 ¹¹
1307 4521 1378 4584 (suli.
1392 4526 1418 4573 et
1430 4523 1466 4589 p.)

250 4604 335 4672 ferens,
345 4608 488 4678 passiones
496 4608 521 4660 Ξ.
532 4635 562 4645 -
573 4607 596 4639 ¹¹
605 4624 655 4661 om.
666 4606 690 4658 ll.
700 4632 730 4643 -
744 4604 767 4638 ¹⁴
777 4602 969 4657 tribulationes
980 4601 1032 4655 td.
1041 4628 1072 4640 -
1086 4601 1109 4636 11
1119 4617 1178 4654 esse
1191 4603 1254 4656 add.
1262 4602 1286 4654 t.

277 4687 347 4744 llum
365 4690 405 4745 16.
421 4718 454 4729 -
465 4691 475 4724 ¹
485 4688 671 4757 (Ad-assidue)
683 4705 733 4740 om.
745 4687 769 4739 t.
782 4685 835 4722 -1
847 4684 956 4738 abbatis
967 4686 1031 4738 odd.
1039 4684 1063 4737 3.

337 4788 432 4828 earn.
449 4786 533 4826 anax.
549 4787 574 4824 r.
591 4787 620 4824 u.
1248 4833 1249 4836 Ἴ
1352 4768 1369 4818 l
