<?xml version="1.0" encoding="UTF-8"?>
<!DOCTYPE html PUBLIC "-//W3C//DTD XHTML 1.0 Transitional//EN"
    "http://www.w3.org/TR/xhtml1/DTD/xhtml1-transitional.dtd">
<html xmlns="http://www.w3.org/1999/xhtml" xml:lang="en" lang="en">
 <head>
  <title>
</title>
<meta http-equiv="Content-Type" content="text/html;charset=utf-8" />
  <meta name='ocr-system' content='tesseract 3.04.00' />
  <meta name='ocr-capabilities' content='ocr_page ocr_carea ocr_par ocr_line ocrx_word'/>
</head>
<body>
  <div class='ocr_page' id='page_1' title='image "./cataloguscodicu00belggoog_0475.png"; bbox 0 0 3270 5400; ppageno 0'>
   <div class='ocr_carea' id='block_1_1' title="bbox 187 294 1082 374">
    <p class='ocr_par' dir='ltr' id='par_1_1' title="bbox 187 294 1082 374">
     <span class='ocr_line' id='line_1_1' title="bbox 187 294 1082 374; baseline 0.006 -6"><span class='ocrx_word' id='word_1_1' title='bbox 187 294 261 369; x_wconf 79' lang='lat'>456</span> <span class='ocrx_word' id='word_1_2' title='bbox 524 317 650 372; x_wconf 74' lang='lat' dir='ltr'>cirin.</span> <span class='ocrx_word' id='word_1_3' title='bbox 677 317 781 373; x_wconf 87' lang='lat' dir='ltr'>cono.</span> <span class='ocrx_word' id='word_1_4' title='bbox 807 316 1082 374; x_wconf 77' lang='lat' dir='ltr'>nicrocmpurc.</span> 
     </span>
    </p>
   </div>
   <div class='ocr_carea' id='block_1_2' title="bbox 485 507 1214 1869">
    <p class='ocr_par' dir='ltr' id='par_1_2' title="bbox 485 507 1214 1869">
     <span class='ocr_line' id='line_1_2' title="bbox 485 507 1120 579; baseline 0.006 -18"><span class='ocrx_word' id='word_1_5' title='bbox 485 507 536 562; x_wconf 84' lang='lat' dir='ltr'>llis</span> <span class='ocrx_word' id='word_1_6' title='bbox 547 507 640 563; x_wconf 90' lang='lat' dir='ltr'>senior</span> <span class='ocrx_word' id='word_1_7' title='bbox 649 508 760 575; x_wconf 86' lang='lat' dir='ltr'>junctus</span> <span class='ocrx_word' id='word_1_8' title='bbox 771 508 913 576; x_wconf 73' lang='lat' dir='ltr'>resipiscit,</span> <span class='ocrx_word' id='word_1_9' title='bbox 925 525 1004 579; x_wconf 85' lang='lat' dir='ltr'>paeoa</span> <span class='ocrx_word' id='word_1_10' title='bbox 1016 511 1120 578; x_wconf 84' lang='lat' dir='ltr'>petenti</span> 
     </span>
     <span class='ocr_line' id='line_1_3' title="bbox 519 607 1125 678; baseline 0.003 -18"><span class='ocrx_word' id='word_1_11' title='bbox 519 607 548 661; x_wconf 89' lang='lat' dir='ltr'>Si</span> <span class='ocrx_word' id='word_1_12' title='bbox 560 608 612 661; x_wconf 91' lang='lat' dir='ltr'>tria</span> <span class='ocrx_word' id='word_1_13' title='bbox 621 608 770 677; x_wconf 73' lang='lat' dir='ltr'>iungantur</span> <span class='ocrx_word' id='word_1_14' title='bbox 778 625 839 677; x_wconf 84' lang='lat' dir='ltr'>quae</span> <span class='ocrx_word' id='word_1_15' title='bbox 850 609 1027 678; x_wconf 85' lang='lat' dir='ltr'>quadriennis</span> <span class='ocrx_word' id='word_1_16' title='bbox 1036 614 1096 664; x_wconf 87' lang='lat' dir='ltr'>erat</span> <span class='ocrx_word' id='word_1_17' title='bbox 1105 612 1125 662; x_wconf 90' lang='lat'>¹.</span> 
     </span>
     <span class='ocr_line' id='line_1_4' title="bbox 486 707 1049 773; baseline 0.004 -11"><span class='ocrx_word' id='word_1_18' title='bbox 486 709 543 763; x_wconf 90' lang='lat' dir='ltr'>Itur</span> <span class='ocrx_word' id='word_1_19' title='bbox 556 713 583 763; x_wconf 93' lang='lat' dir='ltr'>et</span> <span class='ocrx_word' id='word_1_20' title='bbox 592 707 720 773; x_wconf 88' lang='lat' dir='ltr'>ambitur,</span> <span class='ocrx_word' id='word_1_21' title='bbox 733 708 768 762; x_wconf 92' lang='lat' dir='ltr'>ad</span> <span class='ocrx_word' id='word_1_22' title='bbox 780 708 850 762; x_wconf 83' lang='lat' dir='ltr'>ratis</span> <span class='ocrx_word' id='word_1_23' title='bbox 861 713 934 763; x_wconf 88' lang='lat' dir='ltr'>tecta</span> <span class='ocrx_word' id='word_1_24' title='bbox 945 709 1049 764; x_wconf 80' lang='lat' dir='ltr'>reditur</span> 
     </span>
     <span class='ocr_line' id='line_1_5' title="bbox 520 805 1104 876; baseline 0.003 -16"><span class='ocrx_word' id='word_1_25' title='bbox 520 806 580 860; x_wconf 86' lang='lat' dir='ltr'>Nox</span> <span class='ocrx_word' id='word_1_26' title='bbox 592 809 681 870; x_wconf 87' lang='lat' dir='ltr'>nocet,</span> <span class='ocrx_word' id='word_1_27' title='bbox 692 806 719 859; x_wconf 92' lang='lat' dir='ltr'>in</span> <span class='ocrx_word' id='word_1_28' title='bbox 728 805 835 860; x_wconf 80' lang='lat' dir='ltr'>facibus</span> <span class='ocrx_word' id='word_1_29' title='bbox 843 822 887 860; x_wconf 88' lang='lat' dir='ltr'>res</span> <span class='ocrx_word' id='word_1_30' title='bbox 898 806 1014 876; x_wconf 86' lang='lat' dir='ltr'>repetita</span> <span class='ocrx_word' id='word_1_31' title='bbox 1025 808 1104 863; x_wconf 91' lang='lat' dir='ltr'>redit.</span> 
     </span>
     <span class='ocr_line' id='line_1_6' title="bbox 488 905 1086 975; baseline 0.002 -16"><span class='ocrx_word' id='word_1_32' title='bbox 488 905 640 975; x_wconf 89' lang='lat' dir='ltr'>Impietatis</span> <span class='ocrx_word' id='word_1_33' title='bbox 652 921 719 974; x_wconf 91' lang='lat' dir='ltr'>opes</span> <span class='ocrx_word' id='word_1_34' title='bbox 730 905 818 960; x_wconf 91' lang='lat' dir='ltr'>cultor</span> <span class='ocrx_word' id='word_1_35' title='bbox 830 905 939 974; x_wconf 88' lang='lat' dir='ltr'>pietatis</span> <span class='ocrx_word' id='word_1_36' title='bbox 948 906 1086 973; x_wconf 86' lang='lat' dir='ltr'>abhorret,</span> 
     </span>
     <span class='ocr_line' id='line_1_7' title="bbox 518 1004 1024 1074; baseline 0.002 -15"><span class='ocrx_word' id='word_1_37' title='bbox 518 1006 552 1059; x_wconf 85' lang='lat' dir='ltr'>Et</span> <span class='ocrx_word' id='word_1_38' title='bbox 561 1005 670 1074; x_wconf 84' lang='lat' dir='ltr'>pIetatis</span> <span class='ocrx_word' id='word_1_39' title='bbox 682 1020 749 1074; x_wconf 84' lang='lat' dir='ltr'>opes</span> <span class='ocrx_word' id='word_1_40' title='bbox 761 1021 810 1073; x_wconf 89' lang='lat' dir='ltr'>pro</span> <span class='ocrx_word' id='word_1_41' title='bbox 823 1004 926 1074; x_wconf 84' lang='lat' dir='ltr'>pletale</span> <span class='ocrx_word' id='word_1_42' title='bbox 935 1010 1024 1060; x_wconf 89' lang='lat' dir='ltr'>necat.</span> 
     </span>
     <span class='ocr_line' id='line_1_8' title="bbox 487 1102 1100 1173; baseline 0.003 -15"><span class='ocrx_word' id='word_1_43' title='bbox 487 1104 607 1158; x_wconf 77' lang='lat' dir='ltr'>Pertinet</span> <span class='ocrx_word' id='word_1_44' title='bbox 617 1104 651 1157; x_wconf 93' lang='lat' dir='ltr'>ad</span> <span class='ocrx_word' id='word_1_45' title='bbox 663 1102 774 1157; x_wconf 88' lang='lat' dir='ltr'>veniam</span> <span class='ocrx_word' id='word_1_46' title='bbox 787 1104 894 1173; x_wconf 88' lang='lat' dir='ltr'>repetiti</span> <span class='ocrx_word' id='word_1_47' title='bbox 907 1120 985 1173; x_wconf 82' lang='lat' dir='ltr'>poena</span> <span class='ocrx_word' id='word_1_48' title='bbox 997 1106 1100 1160; x_wconf 87' lang='lat' dir='ltr'>laboris</span> 
     </span>
     <span class='ocr_line' id='line_1_9' title="bbox 519 1203 1160 1275; baseline 0.006 -19"><span class='ocrx_word' id='word_1_49' title='bbox 519 1203 580 1256; x_wconf 90' lang='lat' dir='ltr'>Hoc</span> <span class='ocrx_word' id='word_1_50' title='bbox 591 1219 668 1271; x_wconf 90' lang='lat' dir='ltr'>opus,</span> <span class='ocrx_word' id='word_1_51' title='bbox 678 1203 749 1256; x_wconf 90' lang='lat' dir='ltr'>banc</span> <span class='ocrx_word' id='word_1_52' title='bbox 762 1203 885 1271; x_wconf 87' lang='lat' dir='ltr'>requiem</span> <span class='ocrx_word' id='word_1_53' title='bbox 897 1203 996 1272; x_wconf 77' lang='lat' dir='ltr'>pagiua</span> <span class='ocrx_word' id='word_1_54' title='bbox 1007 1203 1070 1258; x_wconf 82' lang='lat' dir='ltr'>laeta</span> <span class='ocrx_word' id='word_1_55' title='bbox 1079 1206 1160 1275; x_wconf 78' lang='lat' dir='ltr'>capii.</span> 
     </span>
     <span class='ocr_line' id='line_1_10' title="bbox 487 1301 1214 1374; baseline 0.007 -18"><span class='ocrx_word' id='word_1_56' title='bbox 487 1301 574 1372; x_wconf 87' lang='lat' dir='ltr'>Impia</span> <span class='ocrx_word' id='word_1_57' title='bbox 585 1301 754 1366; x_wconf 85' lang='lat' dir='ltr'>munificum,</span> <span class='ocrx_word' id='word_1_58' title='bbox 766 1302 864 1356; x_wconf 89' lang='lat' dir='ltr'>mitem</span> <span class='ocrx_word' id='word_1_59' title='bbox 876 1318 974 1357; x_wconf 88' lang='lat' dir='ltr'>manus</span> <span class='ocrx_word' id='word_1_60' title='bbox 985 1319 1083 1374; x_wconf 86' lang='lat' dir='ltr'>aspera</span> <span class='ocrx_word' id='word_1_61' title='bbox 1095 1309 1214 1361; x_wconf 88' lang='lat' dir='ltr'>truncat.</span> 
     </span>
     <span class='ocr_line' id='line_1_11' title="bbox 519 1401 1114 1472; baseline 0.007 -18"><span class='ocrx_word' id='word_1_62' title='bbox 519 1401 634 1470; x_wconf 78' lang='lat' dir='ltr'>Spiritus</span> <span class='ocrx_word' id='word_1_63' title='bbox 643 1401 699 1455; x_wconf 84' lang='lat' dir='ltr'>alta</span> <span class='ocrx_word' id='word_1_64' title='bbox 708 1402 783 1471; x_wconf 87' lang='lat' dir='ltr'>petit,</span> <span class='ocrx_word' id='word_1_65' title='bbox 796 1418 894 1471; x_wconf 86' lang='lat' dir='ltr'>corpus</span> <span class='ocrx_word' id='word_1_66' title='bbox 906 1402 934 1456; x_wconf 89' lang='lat' dir='ltr'>iu</span> <span class='ocrx_word' id='word_1_67' title='bbox 943 1419 1025 1458; x_wconf 88' lang='lat' dir='ltr'>amne</span> <span class='ocrx_word' id='word_1_68' title='bbox 1032 1403 1114 1472; x_wconf 81' lang='lat' dir='ltr'>jacet.</span> 
     </span>
     <span class='ocr_line' id='line_1_12' title="bbox 487 1501 1125 1572; baseline 0.006 -18"><span class='ocrx_word' id='word_1_69' title='bbox 487 1501 550 1554; x_wconf 90' lang='lat' dir='ltr'>Una</span> <span class='ocrx_word' id='word_1_70' title='bbox 561 1501 637 1569; x_wconf 88' lang='lat' dir='ltr'>prius</span> <span class='ocrx_word' id='word_1_71' title='bbox 645 1516 694 1569; x_wconf 90' lang='lat' dir='ltr'>per</span> <span class='ocrx_word' id='word_1_72' title='bbox 705 1517 769 1554; x_wconf 86' lang='lat' dir='ltr'>eum</span> <span class='ocrx_word' id='word_1_73' title='bbox 781 1502 915 1570; x_wconf 75' lang='lat' dir='ltr'>generalis</span> <span class='ocrx_word' id='word_1_74' title='bbox 926 1501 1002 1570; x_wconf 88' lang='lat' dir='ltr'>lepra</span> <span class='ocrx_word' id='word_1_75' title='bbox 1014 1502 1125 1572; x_wconf 76' lang='lat' dir='ltr'>fugatur</span> 
     </span>
     <span class='ocr_line' id='line_1_13' title="bbox 520 1599 1067 1669; baseline 0.007 -17"><span class='ocrx_word' id='word_1_76' title='bbox 520 1599 658 1653; x_wconf 79' lang='lat' dir='ltr'>Virtutum</span> <span class='ocrx_word' id='word_1_77' title='bbox 670 1599 757 1653; x_wconf 92' lang='lat' dir='ltr'>titulis</span> <span class='ocrx_word' id='word_1_78' title='bbox 765 1600 825 1654; x_wconf 88' lang='lat' dir='ltr'>laus</span> <span class='ocrx_word' id='word_1_79' title='bbox 834 1600 973 1654; x_wconf 87' lang='lat' dir='ltr'>cumulata</span> <span class='ocrx_word' id='word_1_80' title='bbox 985 1600 1067 1669; x_wconf 72' lang='lat' dir='ltr'>viget.</span> 
     </span>
     <span class='ocr_line' id='line_1_14' title="bbox 487 1697 1098 1767; baseline 0.005 -16"><span class='ocrx_word' id='word_1_81' title='bbox 487 1698 537 1751; x_wconf 90' lang='lat' dir='ltr'>His</span> <span class='ocrx_word' id='word_1_82' title='bbox 546 1697 608 1752; x_wconf 84' lang='lat' dir='ltr'>vitae</span> <span class='ocrx_word' id='word_1_83' title='bbox 620 1698 726 1752; x_wconf 87' lang='lat' dir='ltr'>meritis</span> <span class='ocrx_word' id='word_1_84' title='bbox 738 1697 843 1767; x_wconf 75' lang='lat' dir='ltr'>fulgens</span> <span class='ocrx_word' id='word_1_85' title='bbox 854 1698 977 1754; x_wconf 80' lang='lat' dir='ltr'>Albanus</span> <span class='ocrx_word' id='word_1_86' title='bbox 988 1699 1017 1754; x_wconf 90' lang='lat' dir='ltr'>in</span> <span class='ocrx_word' id='word_1_87' title='bbox 1029 1701 1098 1755; x_wconf 87' lang='lat' dir='ltr'>albis</span> 
     </span>
     <span class='ocr_line' id='line_1_15' title="bbox 520 1797 1072 1869; baseline 0.005 -19"><span class='ocrx_word' id='word_1_88' title='bbox 520 1798 628 1851; x_wconf 79' lang='lat' dir='ltr'>Tremit</span> <span class='ocrx_word' id='word_1_89' title='bbox 637 1797 672 1851; x_wconf 89' lang='lat' dir='ltr'>ad</span> <span class='ocrx_word' id='word_1_90' title='bbox 684 1798 799 1860; x_wconf 84' lang='lat' dir='ltr'>albatos,</span> <span class='ocrx_word' id='word_1_91' title='bbox 812 1798 985 1869; x_wconf 83' lang='lat' dir='ltr'>albificatque</span> <span class='ocrx_word' id='word_1_92' title='bbox 997 1816 1072 1854; x_wconf 75' lang='lat' dir='ltr'>suos</span> 
     </span>
    </p>
   </div>
   <div class='ocr_carea' id='block_1_3' title="bbox 634 2042 978 2053">
    <p class='ocr_par' dir='ltr' id='par_1_3' title="bbox 634 2042 978 2053">
     <span class='ocr_line' id='line_1_16' title="bbox 634 2042 978 2053; baseline 0.009 -3"><span class='ocrx_word' id='word_1_93' title='bbox 634 2042 978 2053; x_wconf 74' lang='grc' dir='ltr'>ι-----.--.-.....</span> 
     </span>
    </p>
   </div>
   <div class='ocr_carea' id='block_1_4' title="bbox 253 2319 1362 2463">
    <p class='ocr_par' dir='ltr' id='par_1_4' title="bbox 253 2319 1362 2463">
     <span class='ocr_line' id='line_1_17' title="bbox 253 2319 1362 2463; baseline -0.002 -55"><span class='ocrx_word' id='word_1_94' title='bbox 253 2321 377 2409; x_wconf 76' lang='lat' dir='ltr'>ccvi.</span> <span class='ocrx_word' id='word_1_95' title='bbox 406 2320 532 2408; x_wconf 80' lang='lat' dir='ltr'>dodon</span> <span class='ocrx_word' id='word_1_96' title='bbox 557 2321 663 2431; x_wconf 90' lang='lat' dir='ltr'>apud</span> <span class='ocrx_word' id='word_1_97' title='bbox 688 2320 734 2449; x_wconf 81' lang='lat' dir='ltr'>ll.</span> <span class='ocrx_word' id='word_1_98' title='bbox 762 2319 962 2463; x_wconf 87' lang='lat' dir='ltr'>Phillipps</span> <span class='ocrx_word' id='word_1_99' title='bbox 985 2322 1172 2430; x_wconf 84' lang='lat' dir='ltr'>signatus</span> <span class='ocrx_word' id='word_1_100' title='bbox 1197 2342 1245 2409; x_wconf 87' lang='lat' dir='ltr'>n⁰</span> <span class='ocrx_word' id='word_1_101' title='bbox 1271 2325 1362 2413; x_wconf 87' lang='grc'><strong>349.</strong></span> 
     </span>
    </p>
   </div>
   <div class='ocr_carea' id='block_1_5' title="bbox 188 2564 1424 4220">
    <p class='ocr_par' dir='ltr' id='par_1_5' title="bbox 223 2564 1153 2634">
     <span class='ocr_line' id='line_1_18' title="bbox 223 2564 1153 2634; baseline 0.002 -15"><span class='ocrx_word' id='word_1_102' title='bbox 223 2567 278 2620; x_wconf 90' lang='lat' dir='ltr'>lste</span> <span class='ocrx_word' id='word_1_103' title='bbox 290 2567 377 2620; x_wconf 84' lang='lat' dir='ltr'>codex</span> <span class='ocrx_word' id='word_1_104' title='bbox 387 2565 528 2620; x_wconf 87' lang='lat' dir='ltr'>codicibus</span> <span class='ocrx_word' id='word_1_105' title='bbox 539 2565 648 2620; x_wconf 89' lang='lat' dir='ltr'>duobus</span> <span class='ocrx_word' id='word_1_106' title='bbox 657 2565 686 2619; x_wconf 90' lang='lat' dir='ltr'>in</span> <span class='ocrx_word' id='word_1_107' title='bbox 697 2581 782 2619; x_wconf 91' lang='lat' dir='ltr'>unum</span> <span class='ocrx_word' id='word_1_108' title='bbox 798 2564 887 2634; x_wconf 79' lang='lat' dir='ltr'>ligatis</span> <span class='ocrx_word' id='word_1_109' title='bbox 899 2568 1025 2620; x_wconf 87' lang='lat' dir='ltr'>constare</span> <span class='ocrx_word' id='word_1_110' title='bbox 1037 2565 1153 2621; x_wconf 85' lang='lat' dir='ltr'>ridetur.</span> 
     </span>
    </p>

    <p class='ocr_par' dir='ltr' id='par_1_6' title="bbox 190 2664 1422 3231">
     <span class='ocr_line' id='line_1_19' title="bbox 224 2664 1422 2736; baseline 0.006 -18"><span class='ocrx_word' id='word_1_111' title='bbox 224 2664 309 2728; x_wconf 88' lang='lat' dir='ltr'>Prior,</span> <span class='ocrx_word' id='word_1_112' title='bbox 319 2665 448 2719; x_wconf 85' lang='lat' dir='ltr'>foliorum</span> <span class='ocrx_word' id='word_1_113' title='bbox 460 2666 515 2729; x_wconf 81' lang='lat'>156,</span> <span class='ocrx_word' id='word_1_114' title='bbox 523 2665 619 2719; x_wconf 86' lang='lat' dir='ltr'>formae</span> <span class='ocrx_word' id='word_1_115' title='bbox 627 2664 743 2719; x_wconf 86' lang='lat' dir='ltr'>miuoris</span> <span class='ocrx_word' id='word_1_116' title='bbox 752 2664 856 2731; x_wconf 56' lang='lat' dir='ltr'>(ortem</span> <span class='ocrx_word' id='word_1_117' title='bbox 866 2671 891 2722; x_wconf 93' lang='lat'>&gt;&lt;</span> <span class='ocrx_word' id='word_1_118' title='bbox 900 2665 993 2732; x_wconf 78' lang='lat'>0‚155),</span> <span class='ocrx_word' id='word_1_119' title='bbox 1003 2664 1081 2719; x_wconf 87' lang='lat' dir='ltr'>lineis</span> <span class='ocrx_word' id='word_1_120' title='bbox 1091 2665 1178 2735; x_wconf 87' lang='lat' dir='ltr'>plenis</span> <span class='ocrx_word' id='word_1_121' title='bbox 1187 2668 1322 2736; x_wconf 74' lang='lat' dir='ltr'>graphide</span> <span class='ocrx_word' id='word_1_122' title='bbox 1331 2670 1422 2731; x_wconf 83' lang='lat' dir='ltr'>ductis.</span> 
     </span>
     <span class='ocr_line' id='line_1_20' title="bbox 191 2764 1421 2834; baseline 0.003 -13"><span class='ocrx_word' id='word_1_123' title='bbox 191 2784 208 2821; x_wconf 89' lang='lat' dir='ltr'>a</span> <span class='ocrx_word' id='word_1_124' title='bbox 227 2765 328 2834; x_wconf 88' lang='lat' dir='ltr'>duplici</span> <span class='ocrx_word' id='word_1_125' title='bbox 346 2782 430 2820; x_wconf 89' lang='lat' dir='ltr'>manu</span> <span class='ocrx_word' id='word_1_126' title='bbox 450 2765 536 2819; x_wconf 85' lang='lat' dir='ltr'>nilide</span> <span class='ocrx_word' id='word_1_127' title='bbox 553 2765 705 2834; x_wconf 81' lang='lat' dir='ltr'>descrIptus</span> <span class='ocrx_word' id='word_1_128' title='bbox 722 2768 763 2818; x_wconf 88' lang='lat' dir='ltr'>est</span> <span class='ocrx_word' id='word_1_129' title='bbox 783 2764 876 2819; x_wconf 89' lang='lat' dir='ltr'>seculo</span> <span class='ocrx_word' id='word_1_130' title='bbox 893 2765 963 2819; x_wconf 86' lang='lat' dir='ltr'>XIII.</span> <span class='ocrx_word' id='word_1_131' title='bbox 981 2764 1075 2821; x_wconf 84' lang='lat' dir='ltr'>&#39;Intuli</span> <span class='ocrx_word' id='word_1_132' title='bbox 1092 2766 1224 2822; x_wconf 85' lang='lat' dir='ltr'>rubricati</span> <span class='ocrx_word' id='word_1_133' title='bbox 1235 2774 1312 2834; x_wconf 83' lang='lat' dir='ltr'>sunt,</span> <span class='ocrx_word' id='word_1_134' title='bbox 1330 2769 1421 2825; x_wconf 84' lang='lat' dir='ltr'>littere</span> 
     </span>
     <span class='ocr_line' id='line_1_21' title="bbox 191 2864 1421 2934; baseline 0.004 -15"><span class='ocrx_word' id='word_1_135' title='bbox 191 2866 311 2933; x_wconf 88' lang='lat' dir='ltr'>majores</span> <span class='ocrx_word' id='word_1_136' title='bbox 329 2865 411 2919; x_wconf 87' lang='lat' dir='ltr'>rubro</span> <span class='ocrx_word' id='word_1_137' title='bbox 426 2864 539 2918; x_wconf 86' lang='lat' dir='ltr'>vlridive</span> <span class='ocrx_word' id='word_1_138' title='bbox 557 2865 648 2919; x_wconf 87' lang='lat' dir='ltr'>colore</span> <span class='ocrx_word' id='word_1_139' title='bbox 660 2864 775 2932; x_wconf 81' lang='lat' dir='ltr'>depictae</span> <span class='ocrx_word' id='word_1_140' title='bbox 792 2864 907 2918; x_wconf 86' lang='lat' dir='ltr'>subInde</span> <span class='ocrx_word' id='word_1_141' title='bbox 923 2869 967 2919; x_wconf 85' lang='lat' dir='ltr'>sat</span> <span class='ocrx_word' id='word_1_142' title='bbox 984 2864 1127 2934; x_wconf 80' lang='lat' dir='ltr'>diligenter</span> <span class='ocrx_word' id='word_1_143' title='bbox 1138 2871 1280 2922; x_wconf 69' lang='lat' dir='ltr'>exornatae</span> <span class='ocrx_word' id='word_1_144' title='bbox 1291 2875 1364 2934; x_wconf 85' lang='lat' dir='ltr'>sunt,</span> <span class='ocrx_word' id='word_1_145' title='bbox 1378 2869 1421 2924; x_wconf 88' lang='lat' dir='ltr'>illa</span> 
     </span>
     <span class='ocr_line' id='line_1_22' title="bbox 190 2962 1420 3034; baseline 0.004 -16"><span class='ocrx_word' id='word_1_146' title='bbox 190 2969 299 3018; x_wconf 85' lang='lat' dir='ltr'>servata</span> <span class='ocrx_word' id='word_1_147' title='bbox 311 2963 461 3017; x_wconf 83' lang='lat' dir='ltr'>exornandi</span> <span class='ocrx_word' id='word_1_148' title='bbox 479 2979 584 3027; x_wconf 88' lang='lat' dir='ltr'>norma,</span> <span class='ocrx_word' id='word_1_149' title='bbox 602 2979 663 3031; x_wconf 84' lang='lat' dir='ltr'>quae</span> <span class='ocrx_word' id='word_1_150' title='bbox 680 2962 753 3031; x_wconf 88' lang='lat' dir='ltr'>apud</span> <span class='ocrx_word' id='word_1_151' title='bbox 771 2962 1015 3027; x_wconf 87' lang='lat' dir='ltr'>Camberoncnses‚</span> <span class='ocrx_word' id='word_1_152' title='bbox 1033 2980 1152 3032; x_wconf 89' lang='lat' dir='ltr'>quorum</span> <span class='ocrx_word' id='word_1_153' title='bbox 1170 2969 1232 3019; x_wconf 90' lang='lat' dir='ltr'>erat</span> <span class='ocrx_word' id='word_1_154' title='bbox 1248 2966 1344 3034; x_wconf 85' lang='lat' dir='ltr'>codex,</span> <span class='ocrx_word' id='word_1_155' title='bbox 1361 2972 1420 3023; x_wconf 90' lang='lat' dir='ltr'>tunc</span> 
     </span>
     <span class='ocr_line' id='line_1_23' title="bbox 191 3060 1419 3133; baseline 0.003 -15"><span class='ocrx_word' id='word_1_156' title='bbox 191 3064 323 3133; x_wconf 87' lang='lat' dir='ltr'>temporis</span> <span class='ocrx_word' id='word_1_157' title='bbox 335 3062 452 3131; x_wconf 77' lang='lat' dir='ltr'>vigebat.</span> <span class='ocrx_word' id='word_1_158' title='bbox 464 3062 529 3115; x_wconf 83' lang='lat' dir='ltr'>llaec</span> <span class='ocrx_word' id='word_1_159' title='bbox 540 3077 603 3131; x_wconf 86' lang='lat' dir='ltr'>pars</span> <span class='ocrx_word' id='word_1_160' title='bbox 614 3060 690 3115; x_wconf 91' lang='lat' dir='ltr'>nullo</span> <span class='ocrx_word' id='word_1_161' title='bbox 702 3061 787 3114; x_wconf 91' lang='lat' dir='ltr'>modo</span> <span class='ocrx_word' id='word_1_162' title='bbox 799 3060 834 3114; x_wconf 90' lang='lat' dir='ltr'>ad</span> <span class='ocrx_word' id='word_1_163' title='bbox 851 3060 1035 3130; x_wconf 73' lang='lat' dir='ltr'>hagioloplam</span> <span class='ocrx_word' id='word_1_164' title='bbox 1046 3066 1165 3131; x_wconf 81' lang='lat' dir='ltr'>spectat;</span> <span class='ocrx_word' id='word_1_165' title='bbox 1177 3079 1254 3130; x_wconf 89' lang='lat' dir='ltr'>narn,</span> <span class='ocrx_word' id='word_1_166' title='bbox 1264 3070 1298 3121; x_wconf 90' lang='lat' dir='ltr'>ut</span> <span class='ocrx_word' id='word_1_167' title='bbox 1309 3067 1338 3121; x_wconf 85' lang='lat' dir='ltr'>ln</span> <span class='ocrx_word' id='word_1_168' title='bbox 1349 3066 1419 3121; x_wconf 84' lang='lat' dir='ltr'>char-</span> 
     </span>
     <span class='ocr_line' id='line_1_24' title="bbox 190 3160 1294 3231; baseline 0.001 -13"><span class='ocrx_word' id='word_1_169' title='bbox 190 3164 247 3218; x_wconf 87' lang='lat' dir='ltr'>tula</span> <span class='ocrx_word' id='word_1_170' title='bbox 259 3167 427 3231; x_wconf 78' lang='lat' dir='ltr'>cooperturae</span> <span class='ocrx_word' id='word_1_171' title='bbox 439 3161 608 3230; x_wconf 77' lang='lat' dir='ltr'>agglutInata</span> <span class='ocrx_word' id='word_1_172' title='bbox 619 3164 738 3226; x_wconf 85' lang='lat' dir='ltr'>notatur,</span> <span class='ocrx_word' id='word_1_173' title='bbox 751 3164 897 3229; x_wconf 87' lang='lat' dir='ltr'>sequentes</span> <span class='ocrx_word' id='word_1_174' title='bbox 906 3160 944 3214; x_wconf 90' lang='lat' dir='ltr'>ibi</span> <span class='ocrx_word' id='word_1_175' title='bbox 956 3165 1088 3216; x_wconf 81' lang='lat' dir='ltr'>tractatus</span> <span class='ocrx_word' id='word_1_176' title='bbox 1101 3162 1294 3220; x_wconf 87' lang='lat' dir='ltr'>continentur:</span> 
     </span>
    </p>

    <p class='ocr_par' dir='ltr' id='par_1_7' title="bbox 188 3259 1421 3727">
     <span class='ocr_line' id='line_1_25' title="bbox 222 3259 1419 3330; baseline 0.005 -15"><span class='ocrx_word' id='word_1_177' title='bbox 222 3263 344 3316; x_wconf 84' lang='lat' dir='ltr'>Libellus</span> <span class='ocrx_word' id='word_1_178' title='bbox 355 3263 478 3315; x_wconf 82' lang='lat' dir='ltr'>Anselnn&#39;</span> <span class='ocrx_word' id='word_1_179' title='bbox 491 3262 698 3329; x_wconf 68' lang='lat' dir='ltr'>Contuccicnsr&#39;s</span> <span class='ocrx_word' id='word_1_180' title='bbox 709 3261 905 3327; x_wconf 79' lang='lat' dir='ltr'>archiepiscopi</span> <span class='ocrx_word' id='word_1_181' title='bbox 918 3259 931 3286; x_wconf 82' lang='lat'>‘⁴</span> <span class='ocrx_word' id='word_1_182' title='bbox 952 3261 1010 3314; x_wconf 79' lang='lat' dir='ltr'>Cur</span> <span class='ocrx_word' id='word_1_183' title='bbox 1026 3262 1103 3315; x_wconf 80' lang='lat' dir='ltr'>Deus</span> <span class='ocrx_word' id='word_1_184' title='bbox 1118 3262 1197 3316; x_wconf 79' lang='lat' dir='ltr'>tomo</span> <span class='ocrx_word' id='word_1_185' title='bbox 1213 3303 1228 3329; x_wconf 93' lang='lat'>„</span> <span class='ocrx_word' id='word_1_186' title='bbox 1235 3282 1248 3330; x_wconf 95' lang='lat'>,·</span> <span class='ocrx_word' id='word_1_187' title='bbox 1263 3266 1329 3319; x_wconf 78' lang='lat' dir='ltr'>item</span> <span class='ocrx_word' id='word_1_188' title='bbox 1339 3268 1419 3320; x_wconf 73' lang='lat' dir='ltr'>solito</span> 
     </span>
     <span class='ocr_line' id='line_1_26' title="bbox 189 3360 1421 3430; baseline 0.003 -15"><span class='ocrx_word' id='word_1_189' title='bbox 189 3364 285 3430; x_wconf 82' lang='lat' dir='ltr'>quium</span> <span class='ocrx_word' id='word_1_190' title='bbox 296 3363 422 3428; x_wconf 70' lang='lat' dir='ltr'>Hisponis</span> <span class='ocrx_word' id='word_1_191' title='bbox 439 3364 471 3415; x_wconf 85' lang='lat' dir='ltr'>de</span> <span class='ocrx_word' id='word_1_192' title='bbox 483 3363 562 3414; x_wconf 77' lang='lat' dir='ltr'>Arra</span> <span class='ocrx_word' id='word_1_193' title='bbox 579 3362 682 3423; x_wconf 78' lang='lat' dir='ltr'>enims,</span> <span class='ocrx_word' id='word_1_194' title='bbox 698 3362 761 3413; x_wconf 81' lang='lat' dir='ltr'>item</span> <span class='ocrx_word' id='word_1_195' title='bbox 779 3360 912 3413; x_wconf 78' lang='lat' dir='ltr'>Aitredus</span> <span class='ocrx_word' id='word_1_196' title='bbox 929 3360 961 3412; x_wconf 83' lang='lat' dir='ltr'>de</span> <span class='ocrx_word' id='word_1_197' title='bbox 982 3367 1045 3414; x_wconf 83' lang='lat' dir='ltr'>ortu</span> <span class='ocrx_word' id='word_1_198' title='bbox 1062 3363 1202 3428; x_wconf 72' lang='lat' dir='ltr'>spiritatis</span> <span class='ocrx_word' id='word_1_199' title='bbox 1219 3365 1346 3419; x_wconf 73' lang='lat' dir='ltr'>amicitiis</span> <span class='ocrx_word' id='word_1_200' title='bbox 1360 3367 1421 3419; x_wconf 74' lang='lat' dir='ltr'>libra&#39;</span> 
     </span>
     <span class='ocr_line' id='line_1_27' title="bbox 189 3458 1419 3528; baseline 0.002 -12"><span class='ocrx_word' id='word_1_201' title='bbox 189 3469 261 3524; x_wconf 81' lang='lat' dir='ltr'>tres‚·</span> <span class='ocrx_word' id='word_1_202' title='bbox 272 3464 301 3514; x_wconf 83' lang='lat' dir='ltr'>in</span> <span class='ocrx_word' id='word_1_203' title='bbox 312 3462 366 3528; x_wconf 74' lang='lat' dir='ltr'>fine</span> <span class='ocrx_word' id='word_1_204' title='bbox 375 3463 498 3528; x_wconf 79' lang='lat' dir='ltr'>ipsorum</span> <span class='ocrx_word' id='word_1_205' title='bbox 505 3461 701 3527; x_wconf 72' lang='lat' dir='ltr'>dependentia</span> <span class='ocrx_word' id='word_1_206' title='bbox 710 3458 862 3512; x_wconf 79' lang='lat' dir='ltr'>Salomonis</span> <span class='ocrx_word' id='word_1_207' title='bbox 867 3458 1000 3524; x_wconf 67' lang='lat' dir='ltr'>,tandem</span> <span class='ocrx_word' id='word_1_208' title='bbox 1009 3459 1084 3527; x_wconf 88' lang='lat' dir='ltr'>quod</span> <span class='ocrx_word' id='word_1_209' title='bbox 1093 3459 1121 3513; x_wconf 91' lang='lat' dir='ltr'>in</span> <span class='ocrx_word' id='word_1_210' title='bbox 1131 3458 1222 3515; x_wconf 88' lang='lat' dir='ltr'>indice</span> <span class='ocrx_word' id='word_1_211' title='bbox 1232 3463 1366 3519; x_wconf 88' lang='lat' dir='ltr'>omissum</span> <span class='ocrx_word' id='word_1_212' title='bbox 1376 3469 1419 3527; x_wconf 76' lang='lat' dir='ltr'>est</span> 
     </span>
     <span class='ocr_line' id='line_1_28' title="bbox 189 3557 1420 3632; baseline 0.004 -18"><span class='ocrx_word' id='word_1_213' title='bbox 189 3560 258 3614; x_wconf 90' lang='lat' dir='ltr'>liber</span> <span class='ocrx_word' id='word_1_214' title='bbox 269 3558 507 3629; x_wconf 77' lang='lat' dir='ltr'>prognosticorum</span> <span class='ocrx_word' id='word_1_215' title='bbox 520 3574 603 3627; x_wconf 90' lang='lat' dir='ltr'>quem</span> <span class='ocrx_word' id='word_1_216' title='bbox 615 3559 705 3611; x_wconf 79' lang='lat' dir='ltr'>Idalio</span> <span class='ocrx_word' id='word_1_217' title='bbox 719 3557 932 3612; x_wconf 61' lang='lat' dir='ltr'>Barcinonensis</span> <span class='ocrx_word' id='word_1_218' title='bbox 943 3560 1054 3612; x_wconf 69' lang='lat' dir='ltr'>aecimis</span> <span class='ocrx_word' id='word_1_219' title='bbox 1070 3561 1192 3628; x_wconf 84' lang='lat' dir='ltr'>episcopo</span> <span class='ocrx_word' id='word_1_220' title='bbox 1213 3562 1326 3632; x_wconf 79' lang='lat' dir='ltr'>scrIpsit</span> <span class='ocrx_word' id='word_1_221' title='bbox 1335 3566 1420 3618; x_wconf 74' lang='lat' dir='ltr'>Julia-</span> 
     </span>
     <span class='ocr_line' id='line_1_29' title="bbox 188 3659 805 3727; baseline -0.006 -13"><span class='ocrx_word' id='word_1_222' title='bbox 188 3662 377 3727; x_wconf 72' lang='lat' dir='ltr'>nusindigmus</span> <span class='ocrx_word' id='word_1_223' title='bbox 392 3660 523 3713; x_wconf 76' lang='lat' dir='ltr'>Toletana</span> <span class='ocrx_word' id='word_1_224' title='bbox 534 3660 647 3712; x_wconf 75' lang='lat' dir='ltr'>eeclesia</span> <span class='ocrx_word' id='word_1_225' title='bbox 655 3659 805 3725; x_wconf 65' lang='lat' dir='ltr'>efflscoprus.</span> 
     </span>
    </p>

    <p class='ocr_par' dir='ltr' id='par_1_8' title="bbox 189 3754 1424 4220">
     <span class='ocr_line' id='line_1_30' title="bbox 221 3754 1422 3823; baseline 0.005 -11"><span class='ocrx_word' id='word_1_226' title='bbox 221 3758 298 3813; x_wconf 85' lang='lat' dir='ltr'>Alter</span> <span class='ocrx_word' id='word_1_227' title='bbox 312 3757 441 3812; x_wconf 84' lang='lat' dir='ltr'>loliorum</span> <span class='ocrx_word' id='word_1_228' title='bbox 453 3758 494 3822; x_wconf 84' lang='lat'>36,</span> <span class='ocrx_word' id='word_1_229' title='bbox 512 3757 608 3810; x_wconf 82' lang='lat' dir='ltr'>formae</span> <span class='ocrx_word' id='word_1_230' title='bbox 620 3755 752 3823; x_wconf 88' lang='lat' dir='ltr'>ejusdem,</span> <span class='ocrx_word' id='word_1_231' title='bbox 764 3759 822 3808; x_wconf 85' lang='lat' dir='ltr'>turn</span> <span class='ocrx_word' id='word_1_232' title='bbox 835 3754 915 3810; x_wconf 88' lang='lat' dir='ltr'>lineis</span> <span class='ocrx_word' id='word_1_233' title='bbox 933 3755 1028 3823; x_wconf 87' lang='lat' dir='ltr'>plenis,</span> <span class='ocrx_word' id='word_1_234' title='bbox 1045 3759 1104 3810; x_wconf 85' lang='lat' dir='ltr'>tum</span> <span class='ocrx_word' id='word_1_235' title='bbox 1124 3756 1198 3812; x_wconf 88' lang='lat' dir='ltr'>blnIs</span> <span class='ocrx_word' id='word_1_236' title='bbox 1216 3759 1355 3816; x_wconf 88' lang='lat' dir='ltr'>columnis</span> <span class='ocrx_word' id='word_1_237' title='bbox 1370 3779 1422 3818; x_wconf 89' lang='lat' dir='ltr'>una</span> 
     </span>
     <span class='ocr_line' id='line_1_31' title="bbox 189 3853 1422 3924; baseline 0.004 -13"><span class='ocrx_word' id='word_1_238' title='bbox 189 3873 273 3911; x_wconf 87' lang='lat' dir='ltr'>manu</span> <span class='ocrx_word' id='word_1_239' title='bbox 284 3854 377 3911; x_wconf 87' lang='lat' dir='ltr'>seculo</span> <span class='ocrx_word' id='word_1_240' title='bbox 389 3855 451 3908; x_wconf 86' lang='lat' dir='ltr'>XIII</span> <span class='ocrx_word' id='word_1_241' title='bbox 467 3854 577 3908; x_wconf 86' lang='lat' dir='ltr'>Ineunte</span> <span class='ocrx_word' id='word_1_242' title='bbox 587 3853 758 3922; x_wconf 89' lang='lat' dir='ltr'>conscriptus</span> <span class='ocrx_word' id='word_1_243' title='bbox 770 3857 818 3907; x_wconf 91' lang='lat' dir='ltr'>est.</span> <span class='ocrx_word' id='word_1_244' title='bbox 831 3853 924 3918; x_wconf 80' lang='lat' dir='ltr'>Index,</span> <span class='ocrx_word' id='word_1_245' title='bbox 936 3854 970 3907; x_wconf 90' lang='lat' dir='ltr'>de</span> <span class='ocrx_word' id='word_1_246' title='bbox 982 3869 1037 3921; x_wconf 91' lang='lat' dir='ltr'>quo</span> <span class='ocrx_word' id='word_1_247' title='bbox 1047 3869 1138 3924; x_wconf 84' lang='lat' dir='ltr'>supra,</span> <span class='ocrx_word' id='word_1_248' title='bbox 1147 3861 1246 3912; x_wconf 88' lang='lat' dir='ltr'>monet</span> <span class='ocrx_word' id='word_1_249' title='bbox 1257 3857 1287 3913; x_wconf 84' lang='lat' dir='ltr'>In</span> <span class='ocrx_word' id='word_1_250' title='bbox 1300 3860 1354 3915; x_wconf 91' lang='lat' dir='ltr'>hoc</span> <span class='ocrx_word' id='word_1_251' title='bbox 1363 3877 1422 3916; x_wconf 92' lang='lat' dir='ltr'>con·</span> 
     </span>
     <span class='ocr_line' id='line_1_32' title="bbox 189 3954 1424 4029; baseline 0.003 -19"><span class='ocrx_word' id='word_1_252' title='bbox 189 3955 286 4010; x_wconf 85' lang='lat' dir='ltr'>lineri:</span> <span class='ocrx_word' id='word_1_253' title='bbox 305 3956 489 4020; x_wconf 80' lang='lat' dir='ltr'>Phisiolopum</span> <span class='ocrx_word' id='word_1_254' title='bbox 507 3955 539 4006; x_wconf 85' lang='lat' dir='ltr'>de</span> <span class='ocrx_word' id='word_1_255' title='bbox 556 3955 668 4006; x_wconf 70' lang='lat' dir='ltr'>rimeris</span> <span class='ocrx_word' id='word_1_256' title='bbox 685 3955 777 4005; x_wconf 58' lang='lat' dir='ltr'>asilum</span> <span class='ocrx_word' id='word_1_257' title='bbox 795 3960 875 4020; x_wconf 81' lang='lat' dir='ltr'>atque</span> <span class='ocrx_word' id='word_1_258' title='bbox 894 3954 1029 4018; x_wconf 75' lang='lat' dir='ltr'>ferorum,</span> <span class='ocrx_word' id='word_1_259' title='bbox 1046 3954 1109 4006; x_wconf 69' lang='lat' dir='ltr'>dem</span> <span class='ocrx_word' id='word_1_260' title='bbox 1126 3955 1249 4009; x_wconf 80' lang='lat' dir='ltr'>tabulam</span> <span class='ocrx_word' id='word_1_261' title='bbox 1267 3963 1384 4029; x_wconf 78' lang='lat' dir='ltr'>compoti</span> <span class='ocrx_word' id='word_1_262' title='bbox 1401 3970 1424 4015; x_wconf 80' lang='lat' dir='ltr'>et</span> 
     </span>
     <span class='ocr_line' id='line_1_33' title="bbox 190 4049 1424 4128; baseline 0.004 -19"><span class='ocrx_word' id='word_1_263' title='bbox 190 4058 323 4109; x_wconf 81' lang='lat' dir='ltr'>orationes</span> <span class='ocrx_word' id='word_1_264' title='bbox 334 4056 367 4107; x_wconf 80' lang='lat' dir='ltr'>de</span> <span class='ocrx_word' id='word_1_265' title='bbox 378 4059 471 4107; x_wconf 80' lang='lat' dir='ltr'>sancta</span> <span class='ocrx_word' id='word_1_266' title='bbox 483 4054 586 4114; x_wconf 65' lang='lat' dir='ltr'>Minio,</span> <span class='ocrx_word' id='word_1_267' title='bbox 598 4050 646 4104; x_wconf 87' lang='lat' dir='ltr'>sed</span> <span class='ocrx_word' id='word_1_268' title='bbox 659 4051 753 4104; x_wconf 89' lang='lat' dir='ltr'>omisit</span> <span class='ocrx_word' id='word_1_269' title='bbox 765 4051 930 4104; x_wconf 86' lang='lat' dir='ltr'>documenta</span> <span class='ocrx_word' id='word_1_270' title='bbox 942 4049 1055 4104; x_wconf 87' lang='lat' dir='ltr'>interius</span> <span class='ocrx_word' id='word_1_271' title='bbox 1064 4053 1236 4108; x_wconf 86' lang='lat' dir='ltr'>recensenda</span> <span class='ocrx_word' id='word_1_272' title='bbox 1247 4060 1277 4111; x_wconf 91' lang='lat' dir='ltr'>et</span> <span class='ocrx_word' id='word_1_273' title='bbox 1289 4057 1424 4128; x_wconf 78' lang='lat' dir='ltr'>fragmen·</span> 
     </span>
     <span class='ocr_line' id='line_1_34' title="bbox 190 4148 1017 4220; baseline -0.006 -13"><span class='ocrx_word' id='word_1_274' title='bbox 190 4156 248 4206; x_wconf 91' lang='lat' dir='ltr'>tum</span> <span class='ocrx_word' id='word_1_275' title='bbox 260 4152 342 4206; x_wconf 88' lang='lat' dir='ltr'>libelli</span> <span class='ocrx_word' id='word_1_276' title='bbox 354 4168 436 4220; x_wconf 90' lang='lat' dir='ltr'>quem</span> <span class='ocrx_word' id='word_1_277' title='bbox 447 4154 542 4204; x_wconf 89' lang='lat' dir='ltr'>auctor</span> <span class='ocrx_word' id='word_1_278' title='bbox 555 4150 611 4218; x_wconf 87' lang='lat' dir='ltr'>ipse</span> <span class='ocrx_word' id='word_1_279' title='bbox 624 4151 844 4203; x_wconf 80' lang='lat' dir='ltr'>Etucidctorium</span> <span class='ocrx_word' id='word_1_280' title='bbox 855 4148 1017 4203; x_wconf 89' lang='lat' dir='ltr'>nominavit.</span> 
     </span>
    </p>
   </div>
   <div class='ocr_carea' id='block_1_6' title="bbox 291 4347 1206 4449">
    <p class='ocr_par' dir='ltr' id='par_1_9' title="bbox 291 4347 1206 4449">
     <span class='ocr_line' id='line_1_35' title="bbox 291 4347 1206 4449; baseline 0.002 -26"><span class='ocrx_word' id='word_1_281' title='bbox 291 4353 326 4423; x_wconf 77' lang='grc' dir='ltr'>1Ο</span> <span class='ocrx_word' id='word_1_282' title='bbox 351 4349 545 4424; x_wconf 84' lang='lat' dir='ltr'>Orationes</span> <span class='ocrx_word' id='word_1_283' title='bbox 559 4350 603 4422; x_wconf 85' lang='lat' dir='ltr'>de</span> <span class='ocrx_word' id='word_1_284' title='bbox 621 4354 751 4422; x_wconf 83' lang='lat' dir='ltr'>sancta</span> <span class='ocrx_word' id='word_1_285' title='bbox 767 4347 883 4421; x_wconf 81' lang='lat' dir='ltr'>Maria</span> <span class='ocrx_word' id='word_1_286' title='bbox 901 4347 975 4444; x_wconf 87' lang='lat' dir='ltr'>(fol.</span> <span class='ocrx_word' id='word_1_287' title='bbox 997 4351 1206 4449; x_wconf 53' lang='lat' dir='ltr'>Isos-lsai).</span> 
     </span>
    </p>
   </div>
   <div class='ocr_carea' id='block_1_7' title="bbox 222 4478 1428 4557">
    <p class='ocr_par' dir='ltr' id='par_1_10' title="bbox 222 4478 1428 4557">
     <span class='ocr_line' id='line_1_36' title="bbox 222 4478 1428 4557; baseline 0.009 -24"><span class='ocrx_word' id='word_1_288' title='bbox 222 4481 280 4534; x_wconf 88' lang='lat' dir='ltr'>Hac</span> <span class='ocrx_word' id='word_1_289' title='bbox 299 4481 351 4535; x_wconf 87' lang='lat' dir='ltr'>sub</span> <span class='ocrx_word' id='word_1_290' title='bbox 369 4480 479 4534; x_wconf 89' lang='lat' dir='ltr'>rubrica</span> <span class='ocrx_word' id='word_1_291' title='bbox 498 4480 623 4533; x_wconf 81' lang='lat' dir='ltr'>versibus</span> <span class='ocrx_word' id='word_1_292' title='bbox 641 4479 783 4547; x_wconf 85' lang='lat' dir='ltr'>descrIptae</span> <span class='ocrx_word' id='word_1_293' title='bbox 804 4482 868 4532; x_wconf 88' lang='lat' dir='ltr'>sunt</span> <span class='ocrx_word' id='word_1_294' title='bbox 885 4478 913 4532; x_wconf 86' lang='lat' dir='ltr'>iu</span> <span class='ocrx_word' id='word_1_295' title='bbox 933 4478 1026 4533; x_wconf 89' lang='lat' dir='ltr'>codice</span> <span class='ocrx_word' id='word_1_296' title='bbox 1046 4480 1186 4535; x_wconf 87' lang='lat' dir='ltr'>orationes</span> <span class='ocrx_word' id='word_1_297' title='bbox 1205 4487 1279 4539; x_wconf 90' lang='lat' dir='ltr'>octo.</span> <span class='ocrx_word' id='word_1_298' title='bbox 1292 4486 1315 4540; x_wconf 82' lang='lat' dir='ltr'>E</span> <span class='ocrx_word' id='word_1_299' title='bbox 1326 4488 1428 4557; x_wconf 88' lang='lat' dir='ltr'>quibus</span> 
     </span>
    </p>
   </div>
   <div class='ocr_carea' id='block_1_8' title="bbox 223 4683 1251 4755">
    <p class='ocr_par' dir='ltr' id='par_1_11' title="bbox 223 4683 1251 4755">
     <span class='ocr_line' id='line_1_37' title="bbox 223 4683 1251 4755; baseline 0.008 -20"><span class='ocrx_word' id='word_1_300' title='bbox 223 4685 231 4717; x_wconf 95' lang='lat'>¹</span> <span class='ocrx_word' id='word_1_301' title='bbox 248 4683 398 4752; x_wconf 72' lang='lat' dir='ltr'>junguntur</span> <span class='ocrx_word' id='word_1_302' title='bbox 406 4702 488 4753; x_wconf 76' lang='lat' dir='ltr'>snper</span> <span class='ocrx_word' id='word_1_303' title='bbox 500 4688 555 4749; x_wconf 76' lang='lat' dir='ltr'>lim,</span> <span class='ocrx_word' id='word_1_304' title='bbox 563 4688 648 4752; x_wconf 78' lang='lat' dir='ltr'>prius</span> <span class='ocrx_word' id='word_1_305' title='bbox 656 4685 802 4739; x_wconf 84' lang='lat' dir='ltr'>demantur</span> <span class='ocrx_word' id='word_1_306' title='bbox 815 4693 837 4738; x_wconf 79' lang='lat' dir='ltr'>et</span> <span class='ocrx_word' id='word_1_307' title='bbox 849 4686 911 4739; x_wconf 81' lang='lat' dir='ltr'>add.</span> <span class='ocrx_word' id='word_1_308' title='bbox 922 4688 1013 4752; x_wconf 77' lang='lat' dir='ltr'>plesse</span> <span class='ocrx_word' id='word_1_309' title='bbox 1026 4683 1053 4738; x_wconf 88' lang='lat' dir='ltr'>id</span> <span class='ocrx_word' id='word_1_310' title='bbox 1065 4689 1107 4739; x_wconf 89' lang='lat' dir='ltr'>est</span> <span class='ocrx_word' id='word_1_311' title='bbox 1119 4691 1251 4755; x_wconf 85' lang='lat' dir='ltr'>quatuor.</span> 
     </span>
    </p>
   </div>
   <div class='ocr_carea' id='block_1_9' title="bbox 0 0 1640 5400">
    <p class='ocr_par' dir='ltr' id='par_1_12' title="bbox 0 0 1640 5400">
     <span class='ocr_line' id='line_1_38' title="bbox 0 0 1640 5400; baseline 0 0"><span class='ocrx_word' id='word_1_312' title='bbox 0 0 1640 5400; x_wconf 95' lang='lat' dir='ltr'> </span> 
     </span>
    </p>
   </div>
  </div>
 </body>
</html>
