3270 5400
169 363 260 416 aran.
279 360 360 415 aaa.
379 361 551 414 anonam.
566 383 613 394 -
626 362 774 416 apparo.
788 365 835 416 an
853 365 932 418 con.
946 367 980 419 o.
994 367 1109 421 aaran.
1123 367 1199 424 eaor.
1227 347 1299 424 513

234 551 298 629 Qui
312 553 414 616 talem
426 571 464 616 ae
474 555 601 616 tantum
612 551 776 617 meruistis
790 553 912 619 babere
922 559 1106 636 patronum.
1205 576 1207 581 ·

234 649 306 715 Hoc
320 649 439 715 etenim
452 654 584 732 pastore
596 650 658 715 cibi
669 651 712 715 sit
721 652 896 734 spiritualis

234 749 349 814 Nullus
364 750 487 815 habere
504 749 633 827 tarnem,
646 749 875 835 deponereque
890 757 966 817 ante
983 773 1119 836 rapaces

234 848 371 913 Insidias
386 848 528 914 didicere
538 849 615 931 lupi.
631 849 775 914 Custode
786 871 917 935 quoque
928 852 981 916 illo

234 947 283 1013 De
298 967 394 1030 grege
409 967 507 1013 nemo
522 948 615 1030 perit.
627 948 723 1013 Certe
737 949 929 1031 propensior
942 950 986 1015 illi

236 1046 382 1111 Affectus
397 1045 528 1129 pietatis
540 1050 611 1111 erat
620 1046 785 1126 mirabilis,
796 1049 880 1113 inter

235 1145 352 1210 Cetera
364 1146 519 1211 virtutum
535 1146 702 1225 miracula,
718 1147 844 1211 solvere
858 1151 991 1230 captos:

237 1245 321 1308 Nam
334 1244 411 1327 quia
422 1247 535 1326 pastor
549 1249 628 1322 erat,
638 1265 833 1329 morumque
843 1267 1045 1330 operumque
1055 1248 1177 1317 libratu

236 1342 387 1407 Officium
402 1343 542 1425 pastoris
555 1363 663 1426 agenS,
679 1344 705 1407 si
721 1365 861 1427 usquam
876 1351 1079 1428 raperentur,

238 1441 461 1525 Delaqueabat
471 1462 559 1520 oves,
575 1443 628 1507 illo
644 1449 815 1525 praesente,
830 1445 936 1526 ligatis

236 1540 392 1618 Carceris,
405 1540 501 1606 elusis
513 1541 701 1619 tortoribus,
719 1546 814 1607 antra
827 1543 995 1625 patebant.

236 1639 293 1704 lllo
305 1641 403 1704 etiam
418 1643 589 1722 praesente,
607 1641 691 1723 tugae
705 1661 781 1723 spes
797 1646 885 1706 certa
899 1645 979 1720 erat,
994 1645 1094 1726 atque

235 1738 381 1803 Libertas
397 1739 551 1804 comitata
564 1740 637 1817 reis,
651 1740 901 1822 ereptiocaptis.

237 1838 316 1902 Haec
331 1838 429 1902 etiam
445 1838 503 1902 sed
518 1838 612 1920 plura
623 1859 737 1921 gerens
749 1838 932 1905 celebratur
945 1846 1046 1924 atque

235 1935 359 2000 Clarior
374 1936 515 2015 emicuit,
527 1937 615 2001 velut
627 1937 747 2002 indicat
760 1938 822 2002 isla
833 1938 950 2021 legenti

238 2035 317 2112 Quae
332 2036 480 2118 sequitur
494 2039 625 2101 textura
635 2036 717 2116 libri,
732 2037 788 2121 qui
803 2041 895 2119 gesta
909 2038 1053 2117 revolvit,

238 2134 391 2199 Prosaico
406 2139 560 2215 perarata
575 2135 672 2218 stylo;
688 2136 746 2200 sed
760 2136 901 2217 plurima
915 2137 1028 2218 paucis

236 2232 380 2314 Stringit,
396 2236 428 2297 et
442 2235 588 2315 angustis
600 2235 802 2317 comprendit
812 2235 949 2317 grandia
961 2235 1064 2300 dictis.

237 2545 275 2588 na
296 2545 485 2591 meramors
506 2546 647 2592 suasura.
668 2528 745 2612 (Cir.
767 2548 876 2611 supra,
897 2548 971 2612 pag.
993 2530 1063 2608 511,
1085 2529 1142 2612 5⁰.)

20 2745 53 2796 ao
134 2743 226 2802 Item
247 2757 364 2803 sermo
379 2739 424 2822 (1)
448 2747 493 2804 da
515 2744 716 2805 elevatione
735 2747 896 2818 corporis
917 2749 1076 2821 ejusdem
1097 2748 1215 2810 sanati
1228 2745 1249 2809 ¹.

114 2933 146 2990 1.
172 2931 341 2986 Hodiemam
362 2932 539 2987 testivitatem
560 2950 644 3002 quam
664 2934 788 2999 colimus,
801 2936 898 2990 tratres
918 2937 1060 3003 carissimi,
1077 2936 1229 2993 elevatione
1247 2955 1304 2992 cor·

71 3031 145 3098 poris
165 3028 238 3082 beati
258 3025 398 3096 Gangerici
418 3026 533 3095 provida
552 3028 615 3081 sui¹
638 3029 787 3083 conditoris
806 3030 948 3099 dispositio
963 3032 1141 3086 consecravit
1158 3031 1190 3085 ln
1205 3030 1304 3086 hacsi·

71 3129 182 3196 quidem
205 3127 248 3202 die
261 3126 347 3195 ipsius
358 3125 589 3195 pretiosissimum
607 3127 729 3195 eorporis
741 3128 753 3162 ⁹
763 3129 868 3198 pignus,
879 3131 937 3184 suis
955 3130 1060 3184 meritis
1077 3131 1180 3185 sanctis
1196 3131 1304 3201 exigen-

71 3226 153 3291 tibus,
166 3226 218 3280 sub
241 3226 363 3294 quodam
381 3226 513 3295 mysterio
526 3225 624 3279 iuturae
636 3227 843 3282 resurrectionis
860 3229 894 3282 de
911 3227 981 3293 loco,
993 3229 1040 3282 ubi
1058 3228 1196 3298 sepultum
1208 3229 1305 3296 fuerat,

22 3336 54 3385 25
72 3324 196 3379 elevatur
218 3328 433 3392 sanctorumque
450 3340 566 3377 numero
584 3325 636 3378 sub
655 3325 774 3394 gloriosa
792 3325 951 3380 celebritate
967 3329 1123 3396 perenniter
1138 3331 1305 3396 aggregatur.

72 3422 143 3490 Quia
155 3439 220 3492 ergo
233 3423 317 3491 hujus
330 3422 383 3476 diei
395 3423 495 3492 gaudia
506 3427 596 3477 rotato
609 3427 732 3492 tempore
741 3438 913 3489 veneramur,
921 3423 1033 3493 dignum
1043 3425 1123 3478 valde
1134 3430 1177 3478 est
1186 3429 1218 3478 ut
1229 3425 1304 3480 obse

73 3520 144 3589 quiis
158 3521 302 3574 dominicis
314 3538 345 3574 ac
355 3520 482 3574 laudibus
493 3520 658 3574 confessoris
670 3521 770 3574 Christi
779 3524 856 3574 tanto
865 3520 984 3574 strictius
992 3521 1189 3590 mancipemur,
1201 3526 1304 3590 quanto

74 3618 178 3688 gratius
190 3620 242 3688 piae
254 3619 465 3688 sollempnitatis
476 3620 649 3688 susceptione
665 3619 798 3673 laetamur.
807 3620 882 3673 Bene
894 3618 996 3673 etenim
1014 3619 1166 3673 celebratur
1175 3618 1305 3688 sollemp-

73 3717 153 3780 nitas,
168 3717 211 3771 cui
221 3717 351 3771 nimirum
364 3718 392 3771 in
404 3717 504 3772 divinis
516 3717 633 3772 cultibus
644 3717 765 3770 fidelium
778 3718 903 3785 congruit
913 3717 958 3786 pia
970 3716 1135 3772 officiositas.

23 3827 55 3878 3ο
115 3814 149 3872 2.
168 3813 228 3868 Hoc
245 3819 339 3868 autem
352 3818 381 3868 et
392 3813 589 3883 sollempnitati
601 3813 671 3866 bene
689 3829 839 3881 congruum
852 3818 880 3866 et
895 3814 1037 3868 benevolis
1054 3813 1224 3868 auditoribus
1234 3813 1306 3868 soret

75 3913 300 3983 pulcherrimum,
312 3911 335 3964 si
347 3910 381 3964 de
391 3909 450 3978 ipsa
462 3909 616 3963 elevatione
625 3913 721 3962 vestra
730 3909 836 3963 caritati
847 3909 949 3978 aliquid
966 3910 1097 3979 panderet
1107 3909 1304 3975 sermunculus,

75 4011 98 4066 si
109 4011 235 4067 videlicet
244 4013 374 4063 eventum
388 4007 436 4072 rei,
446 4011 494 4061 aut
504 4007 619 4060 modum
629 4007 713 4076 ipsius
724 4008 865 4077 temporis,
876 4007 920 4062 vel
931 4024 992 4076 quae
1003 4024 1092 4062 causa
1107 4006 1274 4062 occurrerint
1285 4006 1304 4072 ¹,

73 4110 119 4165 vel
129 4110 213 4164 etiam
231 4125 292 4177 quae
311 4123 435 4176 personae
447 4104 619 4159 interfuerint
637 4104 802 4174 loqueretur.
814 4107 867 4160 Sed
882 4123 945 4161 curn
958 4123 991 4161 ex
1008 4106 1059 4173 bis,
1077 4123 1126 4176 pro
1138 4105 1225 4172 dolor,
1236 4105 1305 4159 nihil

108 4289 119 4324 ¹
134 4287 258 4342 Elevatio
272 4286 359 4340 sancti
371 4285 513 4355 Gaugerici
524 4283 643 4354 episcopi
656 4290 683 4339 et
695 4286 859 4340 confessoris
870 4289 894 4340 ⁹2.

108 4371 180 4426 Nou.
195 4368 521 4438 l.-¹pii2-²om.2

109 4452 178 4507 Nora
190 4453 214 4506 2.
226 4451 279 4492 -1
291 4455 464 4505 occurrentes
472 4451 496 4504 7.

108 4633 145 4699 (l)
156 4633 237 4687 Hune
249 4645 405 4685 sermonem
418 4630 452 4683 de
469 4645 524 4698 quo
540 4628 597 4697 jam
617 4634 709 4683 actum
727 4634 769 4683 est
785 4646 876 4699 supra,
890 4647 917 4700 p.
932 4630 989 4693 767,
1006 4629 1042 4693 3⁰,
1059 4629 1225 4684 contulimus
1241 4645 1304 4684 cum

74 4715 171 4772 codice
181 4713 352 4769 Bruxellensi
364 4720 396 4766 n⁰
406 4711 525 4776 aoroll,
537 4728 619 4780 quem
631 4711 772 4781 signamus
783 4714 806 4767 7.

173 4814 268 4853 caru.
285 4812 367 4851 saux.
383 4811 408 4851 r.
424 4812 451 4849 11.
1173 4795 1207 4849 33
