3270 5400
332 346 420 397 erar..
438 346 520 398 nec.
539 346 712 399 causum.
730 368 777 379 -
795 347 945 400 urrann.
964 348 1011 399 nn
1029 348 1109 401 con.
1127 339 1166 399 n⁰
1184 347 1307 401 ress-sc.
1367 329 1435 401 143

236 536 329 590 humana
338 536 480 607 irapilitate
489 537 577 606 culpis
584 541 642 591 tam
654 537 803 592 elementer
813 537 934 603 indulsit,
946 543 976 592 ut
984 539 1146 608 plerumque
1157 539 1244 608 magis
1256 539 1312 608 ipsa
1326 538 1435 608 pietatis

237 634 310 689 rirtntc
319 652 348 689 ac
361 636 580 691 mansuetudinis
597 636 760 690 attractione
772 637 918 706 corrigeret
930 653 1014 706 quarn
1024 637 1179 692 severitatis
1190 638 1295 706 rigore:
1307 639 1436 707 quamvis

237 734 321 789 ultano
331 741 409 804 prout
420 735 547 806 exigebat
563 735 711 790 necessitas
722 736 935 806 prudentissime
952 742 1135 791 conservaret.
1145 736 1268 792 'lentatis
1280 745 1308 791 et
1319 736 1436 792 infirmis

237 832 292 899 pinu
306 849 334 887 se
351 838 378 887 et
396 833 618 903 compassibilem
636 834 793 898 exhibebat,
810 834 1016 904 presentialiter
1035 835 1180 901 visitando,
1198 835 1289 889 verbis
1309 835 1435 889 dulcibus

213 929 358 985 taleviando
375 933 429 986 *et
446 932 616 987 orationibus
633 933 797 1001 adjurando.
816 934 874 988 llos
894 939 955 987 erat
974 934 1059 1003 patris
1078 933 1173 997 sancti,
1185 949 1248 987 curn
1266 932 1301 985 ad
1312 933 1433 1002 aliquem

239 1030 316 1084 reniret
330 1036 503 1096 conventum,
523 1031 634 1085 visitare
654 1032 786 1096 infirmos,
809 1032 844 1085 ad
867 1048 990 1086 mensam
1013 1048 1093 1086 suam
1114 1049 1212 1086 uocare
1229 1031 1349 1086 novitios
1366 1036 1394 1084 et
1410 1030 1433 1085 si

238 1130 403 1183 &attentati
414 1130 561 1199 inquirere,
578 1136 610 1185 ut
620 1130 809 1185 consolaretur
826 1148 883 1185 eos.
899 1131 1067 1200 Frequenter
1083 1132 1150 1186 dum
1167 1130 1295 1185 transiret
1307 1147 1355 1200 per
1367 1130 1433 1196 rias,

239 1227 316 1281 tunicas
330 1230 411 1293 exuit,
422 1234 518 1298 tegens
534 1230 624 1284 nudos
640 1247 689 1299 pro
703 1230 827 1284 Christo:
845 1247 896 1299 pro
907 1247 963 1299 quo
981 1229 1207 1299 reprehensiones
1225 1247 1242 1283 a
1259 1229 1388 1284 iratribus
1406 1235 1434 1284 et

239 1327 391 1381 accusationes
402 1327 431 1381 in
442 1328 562 1396 generali
574 1328 699 1398 Capituio
710 1330 812 1383 meruit
821 1330 964 1384 sustinere.
977 1328 1030 1397 Qui
1041 1330 1107 1383 dum
1119 1329 1229 1383 cuidam
1241 1346 1271 1383 se
1282 1345 1431 1398 pauperem

161 1452 163 1491 3
207 1426 228 1473 lt
239 1424 344 1480 malenti
360 1425 482 1481 tunicam
503 1427 651 1491 tribuisset.
670 1428 755 1483 miser
767 1428 813 1482 ille
835 1429 910 1497 quod
927 1445 977 1498 pro
998 1429 1173 1497 eleemosyna
1192 1433 1333 1498 tamquam
1351 1444 1434 1497 egeus

161 1520 164 1599 ξ
239 1529 347 1593 turpent
356 1526 391 1579 ad
402 1526 547 1581 tabernam
563 1527 713 1583 scurriliter
729 1528 890 1597 deportarit
907 1528 987 1595 Quod
1004 1527 1102 1597 aliquis
1118 1528 1235 1581 iratrum
1252 1528 1433 1596 comperiens,

161 1614 164 1705 i
240 1621 412 1693 diritmagistro
422 1644 430 1678 :
442 1627 516 1689 rece,
524 1636 612 1694 puter,
629 1631 749 1681 tunicam
761 1645 843 1697 quum
860 1629 960 1681 dedisti
976 1629 1101 1681 ribaldus
1118 1629 1213 1680 detulit
1230 1630 1267 1681 ud
1283 1628 1432 1680 tabernam.

241 1719 314 1775 dninr
327 1723 486 1779 mitissimus
501 1726 642 1795 respondit
659 1746 666 1780 ι
684 1727 749 1780 Feci
764 1729 821 1787 boc,
837 1729 887 1793 fili,
907 1729 1018 1780 credens
1035 1729 1107 1795 quod
1121 1728 1273 1795 plurrimum
1291 1728 1431 1793 indiceret.

245 1818 358 1875 Videbatur
367 1826 439 1877 euim
446 1841 558 1893 pauper
573 1833 597 1879 et
609 1827 749 1891 intirurus:
762 1834 787 1879 et
797 1834 855 1879 wat
866 1828 943 1879 valde
951 1828 1029 1893 pium
1045 1843 1211 1879 succurrere.
1231 1828 1276 1878 Ad
1292 1827 1341 1879 boc
1352 1828 1432 1878 etiam

211 1915 305 1981 ttjrreo
313 1924 402 1976 melius
413 1926 533 1977 tunicum
546 1926 670 1978 omisisse
681 1942 763 1994 quum
772 1928 906 1993 pietatem.

339 2124 388 2183 De
407 2124 612 2185 hnmilitate
630 2126 750 2185 sancti
770 2125 842 2184 vlrl
863 2128 901 2186 et
920 2127 1009 2197 ruga
1029 2139 1137 2185 vanse
1158 2126 1296 2197 glortoe.

272 2308 312 2367 15.
327 2312 435 2383 Hagnas
446 2319 514 2377 erat,
523 2317 550 2368 et
561 2318 658 2383 potens
669 2313 698 2367 in
707 2330 790 2382 opere
801 2319 829 2367 et
839 2330 967 2368 sermone
976 2331 1069 2369 coram
1082 2315 1139 2368 Deo
1152 2318 1179 2368 et
1190 2313 1266 2368 omni
1277 2315 1387 2384 populo.
1399 2316 1432 2369 Et

243 2413 371 2466 mtnonen
382 2412 443 2480 ejus
454 2411 574 2466 amabile
582 2416 610 2465 et
620 2412 782 2466 honorabile
792 2412 820 2465 in
828 2412 956 2465 universa
968 2417 1047 2468 terra.
1058 2417 1219 2465 uenerantes
1232 2412 1259 2464 in
1270 2428 1302 2465 eo
1312 2412 1432 2464 etadmi·

244 2510 433 2565 nucerinum
452 2511 634 2565 sanctitatem.
646 2511 706 2580 lpse
719 2527 784 2564 rero
796 2516 900 2579 quanto
912 2511 1000 2578 maj0r
1013 2515 1078 2575 erat,
1090 2510 1246 2563 humiliavit
1263 2527 1293 2563 se
1305 2510 1333 2563 in
1345 2510 1432 2563 omni-

215 2596 234 2649 ἴ
244 2599 310 2665 Μ
317 2609 416 2664 oblatos
424 2609 478 2664 sibi
488 2610 609 2665 honores
618 2626 750 2679 respuens
759 2609 913 2663 declinavit.
923 2610 1000 2663 Unde
1010 2626 1070 2663 curn
1082 2610 1178 2663 civitas
1187 2608 1370 2663 Bononiensis
1379 2609 1431 2662 sibi

245 2696 397 2763 lhrrenienti
409 2708 649 2779 processionaliter
660 2708 743 2762 vellet
753 2725 905 2770 occurrere,
914 2709 1026 2762 secessit
1038 2709 1144 2762 aturba
1153 2708 1316 2762 humilitatis
1324 2714 1433 2763 amator

244 2801 302 2864 endu
309 2808 413 2873 concito,
426 2812 453 2862 et
463 2824 513 2877 per
523 2807 659 2862 occultam
677 2808 804 2862 semitam
822 2808 937 2861 domurn
955 2808 1079 2861 Fratrum
1098 2808 1235 2877 ingressus
1252 2813 1301 2865 est.
1313 2807 1432 2862 declina·

245 2894 294 2954 [bne
307 2904 395 2961 oblatae
417 2907 578 2961 reuerentia
594 2908 732 2962 aedificans
751 2907 902 2962 universos.
922 2936 955 2947 -
971 2908 1025 2962 Nec
1044 2908 1133 2961 solum
1151 2907 1290 2962 exhibitos
1311 2909 1346 2961 ab
1370 2908 1432 2963 aliis

244 2992 328 3057 honores
337 3006 440 3075 relnssit,
457 3006 649 3061 verumetiam
667 3007 696 3060 in
713 3007 800 3061 oculis
816 3006 932 3061 aliorum
954 3007 1168 3075 contemptibilis
1185 3023 1319 3075 apparere
1337 3008 1433 3061 voluit.

215 3084 313 3151 ⁸latens
322 3101 387 3157 eninr
397 3102 502 3171 judicio
514 3119 607 3157 corarn
617 3088 740 3172 patribus
752 3103 779 3156 in
791 3103 918 3171 Capitulo
930 3103 1058 3172 generali,
1070 3120 1132 3156 curn
1151 3104 1203 3157 sibi
1220 3104 1389 3157 defensionis
1405 3109 1434 3157 et

242 3200 385 3255 “martionis
396 3201 474 3256 locus
486 3202 630 3256 offerretur
638 3201 674 3256 ab
687 3201 798 3266 eisdem,
807 3201 905 3255 humili
918 3202 999 3255 corde
1009 3207 1036 3256 et
1046 3219 1113 3256 roco
1125 3202 1265 3271 respondit
1277 3222 1282 3256 :
1297 3205 1365 3270 Quis
1377 3221 1433 3257 cre·

240 3291 290 3349 urst
301 3299 394 3355 latroni
411 3318 440 3355 se
458 3304 625 3355 acusoutil
640 3300 701 3354 Non
719 3301 865 3354 declinavit
890 3317 1034 3355 corsuum
1053 3303 1081 3354 in
1100 3302 1184 3354 verba
1201 3302 1378 3370 impatientia·
1397 3304 1431 3356 ad

237 3398 372 3453 eremus
383 3399 574 3455 excusationes
586 3400 613 3453 in
626 3399 750 3469 peccetis,
763 3399 868 3453 malens
880 3400 1023 3468 culpabilis
1035 3417 1167 3469 apparere
1178 3417 1260 3468 quam
1275 3406 1433 3469 arroganter

235 3496 375 3561 mordere

161 3648 167 3667 Β
190 3686 215 3737 ³⁰
561 3706 613 3763 De
632 3703 813 3776 patientta
833 3705 869 3761 ln
890 3704 1068 3763 adversis.

255 3888 306 3948 16.
322 3891 464 3953 Patientia,
475 3907 537 3959 quse
545 3908 615 3961 opus
626 3894 777 3959 perlectum
791 3891 881 3954 habet,
890 3891 985 3944 multis
996 3890 1085 3944 modis
1095 3891 1122 3944 in
1134 3892 1187 3945 hoc
1198 3891 1256 3945 viro
1267 3892 1431 3952 examinata,

213 3989 317 4043 inventa
327 3994 366 4043 est
377 4004 471 4042 coram
480 3987 539 4041 Deo
550 3992 579 4041 et
586 3987 746 4041 hominibus
755 3986 982 4041 commendabilis
992 3991 1019 4039 et
1027 3986 1149 4054 probata.
1159 3987 1227 4040 Cum
1241 3988 1431 4048 infirmaretur,

209 4088 302 4143 tortior
311 4092 369 4142 erat
380 4093 408 4142 et
419 4085 534 4157 patiens,
544 4089 572 4141 et
583 4086 776 4155 perficiebatur
788 4087 816 4140 in
833 4086 991 4140 infirmitate
1010 4086 1096 4140 virtus
1113 4086 1180 4153 ejus,
1198 4091 1228 4140 ut
1244 4086 1305 4139 aliis
1322 4086 1433 4139 daretur

206 4187 360 4256 exemplum
381 4184 520 4256 patientias
540 4186 607 4253 ejus,
623 4186 694 4240 sicut
710 4186 784 4241 beati
801 4186 861 4239 lob.
881 4184 1030 4239 Nemeum
1052 4186 1086 4238 ab
1108 4185 1223 4237 infantia
1243 4201 1293 4237 sua
1311 4184 1433 4240 timuerit

161 4290 189 4343 lt
201 4287 367 4352 neumam
378 4283 606 4339 esteontristatus
617 4284 692 4352 quod
703 4284 782 4353 plaga
791 4283 920 4338 caecitatis
932 4283 1055 4336 evenerit
1064 4283 1115 4343 illi;
1128 4283 1175 4335 sed
1185 4283 1431 4337 imnrobilitercum

200 4384 291 4441 'l'obia
302 4384 331 4439 in
339 4382 389 4437 Dei
397 4383 497 4437 timore
504 4382 663 4451 permansit,
671 4398 754 4451 agens
765 4381 865 4451 gratias
877 4383 934 4435 [leo
944 4381 1072 4434 omnibus
1079 4382 1246 4434 diebusvitae
1255 4398 1319 4435 sua.
1328 4382 1433 4450 Nempe

197 4500 265 4541 turn
277 4480 460 4537 invalescente
471 4480 572 4536 morbo
590 4480 680 4534 visum
698 4480 780 4534 unius
791 4480 863 4534 oculi
875 4486 953 4548 pater
964 4484 1074 4533 sanctus
1091 4479 1258 4547 perdidisset,
1276 4481 1433 4534 convocatis

195 4580 376 4638 turribussd
384 4579 543 4649 capitulum,
555 4578 636 4633 dixit:
649 4580 773 4645 Fratres,
783 4583 891 4646 prorius
903 4580 974 4645 opitu
984 4580 1047 4644 Deo,
1056 4582 1121 4645 quiu
1128 4580 1240 4645 perdidi
1248 4596 1332 4631 currum
1343 4581 1432 4631 iuimi-

193 4698 261 4737 aar
275 4696 372 4733 mar.
390 4678 461 4743 (Hoc
473 4677 550 4743 dixit,
561 4678 626 4749 quia
641 4678 721 4748 juxta
732 4678 923 4748 propheticum
936 4677 1048 4730 verbum
1063 4676 1159 4730 oculus
1171 4681 1264 4730 noster
1272 4678 1433 4746 plerumque

1516 934 1530 964 *
1541 936 1596 986 cod.

1467 997 1624 1052 ieiuniendo
