3270 5400
314 366 400 420 urna.
417 363 499 417 aaa.
518 348 691 416 aauxaaa.
711 382 759 394 —
776 363 924 417 urrann.
943 365 989 416 an
1007 364 1087 417 con.
1105 354 1142 416 u⁰
1160 362 1284 418 rusa-su.
1368 347 1414 421 79

222 556 368 627 supradictam
379 555 392 589 ⁸
403 554 500 608 urbem
512 554 618 623 absque
629 552 802 623 baptismate.
814 553 946 623 Susceptu
957 553 1049 623 itaque
1058 553 1205 624 episcopali
1217 556 1416 621 bencdictione,

222 656 336 712 acuudrnn
347 652 465 723 apostoli
483 651 560 707 Pauli
571 653 583 687 ⁴
595 652 698 707 dictum
710 653 861 717 suadendo,
879 652 1054 722 increpando,
1067 653 1237 708 obsecrando
1254 655 1417 711 hortabatur

223 753 370 809 eosadiidcm
379 768 474 807 reram
484 749 616 816 converti,
625 750 813 819 evangelicum
823 750 891 804 illud
899 748 986 819 ipsisl
998 750 1131 818 objiciens
1141 770 1147 805 :
1157 752 1222 805 Nisi
1230 755 1293 820 quis
1305 762 1416 807 roratur

223 856 285 921 fucrit
293 871 321 907 aa
329 870 398 921 apuu
409 860 434 906 et
445 852 556 921 Spiritu
567 859 668 918 cundo,
681 869 735 906 non
746 852 861 905 intrabit
873 852 904 904 in
920 867 1034 917 raparum
1046 852 1183 904 coetorucm.
1194 849 1262 904 Nam
1275 852 1372 905 diebus
1383 869 1416 907 ac

200 952 318 1012 analdus
334 967 427 1005 eurum
449 948 659 1004 conversionem
677 948 736 1003 lieri
752 948 959 1019 deprecabatur,
980 953 1010 1002 ut
1027 949 1099 1002 Deus
1116 949 1293 1018 omnipotens
1309 951 1417 1005 auterre

225 1050 345 1120 dignaretur
354 1049 482 1104 velamen
491 1049 598 1103 duritiae
610 1049 645 1103 de
656 1048 765 1102 illorum
775 1047 924 1102 cordibus⁶
935 1053 1070 1108 et,errore
1079 1048 1198 1117 perfidiae
1209 1054 1310 1118 spreto,
1318 1067 1417 1119 cogno·

225 1149 390 1203 aasentllcum
409 1165 506 1203 rerum
518 1149 530 1183 ⁷
541 1153 625 1216 atque
642 1147 814 1217 unigenitum
825 1147 924 1202 Filium
935 1148 1003 1214 ejus,
1012 1147 1162 1201 Dominum
1180 1153 1305 1202 nostrum
1322 1150 1415 1204 lesum

227 1249 336 1311 Christum,
354 1265 416 1302 curn
433 1248 536 1318 Spiritu
556 1252 661 1301 sancto.
680 1247 722 1301 Illi
742 1263 809 1301 vero
827 1248 1050 1316 obtemperantes
1067 1248 1127 1315 ejus
1138 1247 1285 1302 salutiferis
1297 1248 1417 1316 monitis,

227 1346 393 1416 primoquidem
406 1346 497 1417 pauci,
508 1347 607 1401 deinde
616 1351 709 1400 autem
720 1362 825 1411 omnes,
834 1346 869 1399 ad
881 1345 1010 1414 baptismi
1020 1346 1145 1415 qratiam,
1156 1363 1274 1416 superna
1286 1353 1418 1416 operante

193 1456 217 1505 tu
228 1443 343 1511 clementia,
358 1446 548 1500 convolarunt.
560 1444 752 1500 Ecclesiastico
772 1445 888 1514 itaque⁸
904 1461 982 1498 more
1000 1433 1152 1514 baptizatos
1168 1448 1277 1500 monuit
1293 1446 1419 1502 dulcibus

229 1539 322 1611 alloquiis
329 1560 379 1613 quo
391 1519 523 1612 baptismi
534 1543 651 1612 gratiam
663 1542 746 1596 corde
764 1542 869 1595 mundo
886 1558 918 1595 ac
931 1543 943 1576 ⁰
955 1558 1069 1610 corpore
1086 1547 1162 1596 casto
1179 1542 1351 1597 diebusvitae
1362 1561 1419 1599 sucu

229 1646 399 1696 consenarcnt:
412 1642 476 1711 quia
490 1640 589 1695 melius
601 1647 643 1695 est
654 1641 728 1695 uiam
740 1639 864 1695 ueritatis
876 1656 932 1694 non
945 1656 1117 1709 cognoscere,
1133 1658 1216 1710 quarn
1229 1647 1292 1711 post
1303 1642 1419 1712 agnitio·

230 1751 276 1792 mm
284 1744 341 1793 retro
351 1741 480 1795 converti.
489 1740 586 1795 Nullus
598 1756 664 1794 uero
675 1738 835 1794 mortalium
844 1739 872 1793 in
884 1739 930 1793 illa
943 1740 1053 1808 regione
1062 1741 1228 1810 cupientium
1242 1741 1300 1796 Deo
1312 1742 1419 1811 placere

231 1837 313 1904 prelato
322 1840 434 1907 pontiflci
446 1845 542 1894 sancto
555 1845 664 1909 poterat
675 1838 794 1908 aequari:
812 1839 851 1892 ita
862 1843 921 1892 erat
939 1838 1051 1908 peruigil
1070 1839 1098 1893 in
1116 1841 1295 1903 orationibus,
1308 1842 1379 1910 irupi
1391 1842 1419 1898 in

195 1945 219 1994 ts
230 1932 311 2001 pinalis
326 1939 419 2003 mulus,
439 1939 547 2009 patiens
564 1939 592 1993 iu
604 1938 735 2002 adversis,
746 1938 860 1992 humilis
877 1938 905 1991 in
922 1938 1068 2006 prosperis,
1081 1939 1243 1993 caritatosus
1260 1940 1288 1994 in
1306 1941 1419 2007 cunctis,

232 2031 316 2101 diligens
328 2042 378 2091 tota
389 2037 491 2100 anima,
502 2043 562 2092 tota
573 2038 675 2092 virtute
685 2039 772 2091 Deum
786 2042 813 2090 et
825 2053 922 2090 ornnes
933 2037 1074 2106 proximos
1089 2044 1119 2092 ut
1132 2038 1318 2108 semetipsum,
1330 2040 1419 2094 inimi-

233 2146 268 2184 ωε
281 2148 367 2204 quoque
382 2154 432 2206 pro
449 2153 570 2206 superno
584 2152 687 2190 amore.
699 2135 800 2189 Valvas
817 2135 899 2189 etiam
917 2136 992 2189 sedis
1009 2136 1173 2205 pontificalis
1190 2137 1265 2191 nullo
1287 2142 1419 2207 tempore,

233 2226 289 2281 arua
303 2245 418 2301 unquam
438 2232 602 2287 necessitate
625 2231 782 2301 compulsus
802 2232 1002 2301 egrediebatur,
1022 2233 1074 2287 nisi
1097 2233 1255 2302 psalterium
1276 2234 1417 2303 psallendo

234 2329 300 2380 bun
309 2332 450 2401 compleret

196 2436 222 2487 tt
265 2423 290 2482 0.
305 2429 390 2483 Eodem
400 2437 533 2499 tempore,
542 2429 627 2483 nimia
641 2445 789 2483 succensus
799 2429 957 2499 cupiditate,
969 2445 1017 2483 rea
1028 2431 1198 2499 Dapobertus
1210 2431 1285 2486 misit
1297 2439 1419 2488 actorem

235 2537 293 2577 suun
301 2529 443 2583 crudelitate
454 2528 564 2597 plenum
584 2527 619 2580 ad
631 2528 728 2581 urbem
736 2528 879 2594 BituricaS,
892 2528 1052 2597 praecipiens
1063 2528 1089 2582 ei
1101 2544 1158 2581 suae
1170 2528 1270 2582 inentis
1281 2528 1419 2583 malivolae

235 2626 461 2689 qcnrclunlatem.
470 2626 525 2694 Qui
536 2632 629 2681 tamen
640 2632 717 2680 actor
730 2628 748 2691 ¹,
761 2627 845 2681 totius
857 2626 966 2696 pietatis
978 2626 1088 2692 oblitus,
1097 2627 1209 2695 justitiae
1222 2628 1312 2682 omnis
1325 2628 1419 2683 imme·

235 2734 285 2785 nar,
297 2728 431 2793 tyrannicas
439 2727 548 2796 tegeset
560 2725 684 2780 insolitas
696 2726 907 2781 consuetudines
919 2726 991 2795 plebi
1001 2726 1133 2795 imposuit
1144 2727 1279 2781 Biturica.
1291 2728 1333 2781 tili
1345 2745 1419 2793 vero,

235 2818 300 2875 subita
309 2827 390 2881 nuntio
401 2826 534 2890 hebetati,
546 2825 616 2895 repis
628 2825 744 2905 imperio
757 2825 982 2895 obtemperarunt
994 2826 1080 2880 nimio
1090 2830 1193 2880 terrore
1203 2827 1214 2860 ¹
1226 2827 1349 2896 perculsi.
1358 2827 1420 2894 Qua

201 2923 226 2974 u
236 2916 337 2989 &cimel
345 2926 489 2980 afflictione
501 2929 624 2995 cogente,
632 2924 777 2978 uniuersus
788 2924 916 2979 Bituricae
925 2925 1043 2994 regiords
1054 2926 1066 2959 ⁴
1078 2925 1196 2995 populus
1207 2942 1263 2979 una
1274 2943 1420 2996 congrega·

236 3019 299 3073 luuad
307 3025 379 3078 sancti
390 3024 502 3094 Sulpicii
514 3023 791 3093 praesentiamilentes
812 3027 839 3077 et
851 3023 983 3092 ejulantes
997 3029 1139 3078 venerunt.
1147 3024 1236 3078 Tanta
1248 3030 1341 3079 autem
1351 3025 1420 3079 mul·

237 3113 299 3171 titudo
306 3120 478 3192 ptanpentiurn
491 3121 685 3191 aclngentium
698 3121 818 3185 advenit,
836 3127 867 3175 ut
884 3139 938 3191 prae
956 3123 1071 3177 vocibus
1089 3123 1250 3178 immanium
1268 3127 1420 3193 gemituum

236 3226 295 3269 ”tus
303 3235 384 3276 corum
396 3222 491 3293 procul
508 3222 714 3277 diffunderetur.
735 3222 838 3277 Omnes
855 3222 1000 3291 siquidem,
1020 3223 1079 3276 solo
1093 3224 1297 3291 prostratione
1313 3241 1381 3278 voce
1393 3228 1421 3278 et

236 3306 347 3374 binare
353 3322 480 3390 precibus
488 3322 601 3376 beatum
613 3321 625 3355 ⁶
635 3321 789 3391 supplicant
798 3320 955 3390 pontificem
965 3323 985 3384 ⁸,
994 3322 1123 3390 quatinus
1133 3322 1185 3376 iltis
1194 3323 1222 3375 in
1232 3323 1243 3356 ⁷
1254 3322 1421 3376 necessitati·

195 3409 226 3472 ‚ll
236 3404 452 3488 httttuispraribus
463 3418 629 3474 subveniret.
641 3435 674 3473 ac
691 3424 786 3487 pastor
802 3419 901 3484 bonus,
911 3419 1003 3472 orium
1017 3435 1129 3473 suarum
1148 3419 1257 3474 fletibus
1273 3419 1354 3473 solita
1366 3420 1422 3489 pie·

237 3506 414 3583 &madalene
426 3535 508 3589 opem
521 3517 634 3572 terendo
646 3517 774 3571 liberaret
785 3534 834 3570 eos
845 3518 900 3572 ⁸de
910 3518 1063 3572 imminenti
1074 3519 1259 3587 oppressione.
1268 3519 1422 3588 Virquippe

237 3600 357 3671 Maccus
368 3617 476 3687 pietatis
490 3598 640 3670 uisceribus
653 3622 681 3670 et
698 3616 868 3686 compatiens
888 3618 997 3671 illorum
1016 3617 1211 3671 afflictionibus
1221 3619 1240 3674 ⁰.
1250 3618 1283 3670 ad
1294 3618 1422 3671 lacrimas

202 3734 208 3743 ·
238 3716 299 3775 tute
316 3716 461 3771 miserando
480 3716 642 3785 prorumpit
662 3715 769 3769 lndicto
784 3717 807 3750 ¹⁰
826 3716 908 3769 etiam
927 3716 1031 3784 jejunio
1054 3733 1102 3786 per
1123 3717 1252 3781 triduum,
1272 3733 1335 3770 curn
1357 3716 1422 3786 ipsis

239 3797 316 3863 bonini
325 3814 344 3848 ¹¹
352 3814 567 3870 misericordiam
585 3813 717 3874 exorauit,
726 3818 764 3878 ut,
777 3813 905 3867 misertus
917 3814 1019 3884 populo
1031 3832 1082 3868 suo
1100 3831 1146 3869 rex
1159 3820 1286 3879 aeternus,
1303 3817 1422 3870 auferret

206 3896 370 3969 ³ltldlctiouern
381 3932 464 3985 quam
476 3929 615 3983 supereos
626 3918 755 3982 posuerat
768 3913 791 3947 ¹²
799 3929 845 3967 rex
854 3913 961 3982 impius.
974 3914 1041 3968 Cum
1055 3915 1181 3968 consultu
1193 3915 1285 3984 itaque
1297 3917 1423 3970 sacerdo·

240 3998 281 4055 lun
289 4006 504 4084 clupitquemdam
516 4013 551 4067 de
561 4012 694 4067 ministris
703 4013 768 4076 suis,
777 4011 867 4066 uirum
876 4013 1048 4081 prudentem,
1058 4018 1085 4066 et
1094 4013 1192 4067 direxit
1200 4030 1263 4067 eum
1274 4014 1307 4067 ad
1319 4015 1422 4082 religio·

241 4094 518 4171 'fflmunbudoricum
535 4130 627 4183 sepem
639 4113 670 4179 ¹⁸,
689 4113 736 4182 qui
755 4119 819 4168 tunc
836 4113 968 4183 temporis
984 4115 1098 4183 praeiato
1116 4118 1231 4183 tyranno
1248 4114 1377 4167 successit
1395 4114 1423 4168 in

242 4206 329 4265 “lilla
338 4210 458 4285 Praecepit
472 4228 592 4283 namque
603 4211 643 4267 illi
661 4217 693 4266 ut
708 4228 819 4266 summa
830 4212 964 4266 industria
976 4212 1149 4266 clementiam
1169 4213 1238 4282 repis
1250 4218 1382 4281 posceret,
1393 4218 1425 4267 ut

243 4393 519 4536 :petendaseptem
531 4438 560 4448 -
572 4409 764 4464 *οη-δεῖς.
776 4408 871 4476 -rqa
885 4409 918 4475 c.)
930 4380 954 4463 ε’.
966 4409 982 4463 i.
996 4440 1027 4447 -
1040 4412 1051 4445 τ
1063 4411 1105 4477 (n.
1124 4413 1160 4477 v.)
1177 4428 1202 4465 v.
1220 4412 1424 4466 nursiam.

266 4552 320 4619 ¹¹²
331 4568 350 4625 8.
358 4604 385 4613 -
398 4577 466 4631 ¹om.
483 4604 503 4613 -
522 4574 583 4640 ¹(n.
594 4575 624 4640 t)
635 4573 743 4629 timore.
755 4602 787 4613 -
799 4574 811 4608 ²
822 4591 874 4628 om.
886 4576 938 4613 -⁴
951 4593 1000 4629 our.
1013 4603 1044 4613 —
1057 4575 1069 4609 ὅ
1082 4576 1170 4630 beato.
1183 4604 1214 4614 -
1227 4576 1239 4611 ⁰
1250 4576 1380 4645 pontifici.
1394 4605 1425 4615 -

244 4630 299 4783 ζ’(ἷ
307 4654 352 4798 Τ
362 4674 433 4795 Iebron,
451 4685 484 4697 -
501 4656 675 4735 ’afflictioni
692 4686 723 4695 -
743 4658 766 4691 ¹⁰
777 4656 935 4711 Interdicto.
952 4685 985 4697 —
1004 4659 1024 4693 ¹¹
1039 4658 1096 4713 Dei.
1113 4686 1146 4698 -
1164 4659 1187 4693 ¹2
1199 4659 1375 4727 imposuerat.
1392 4687 1426 4698 -

306 4742 322 4783 l·
338 4751 355 4790 r.
