3270 5400
192 361 263 434 388
528 377 653 430 aaran.
680 377 783 429 cono.
809 374 1085 427 naorocaurmc.

290 573 328 644 6ο
353 569 553 662 Epitafium
579 567 699 643 sancti
721 566 879 642 Victoris
904 564 1142 639 Novariensis
1168 563 1375 662 episcopiis
1395 567 1417 640 l.

225 816 327 881 uana,
336 686 547 885 galeipau,
556 832 582 884 p.
596 814 651 867 ue.

291 921 329 991 7⁰
355 916 453 1009 [Vita
472 917 508 989 S.
527 915 668 989 Antoni
685 915 859 988 monachi
885 912 1100 1006 Lirinensis]
1119 912 1193 1008 (fol.
1216 913 1420 1007 119¹-1u3‘t

224 1048 326 1112 Harlel,
339 1064 364 1116 p.
376 1047 500 1108 38339&
518 1045 611 1114 Vogel,
620 1063 645 1114 p.
659 1045 773 1099 185190.

289 1151 328 1224 8⁰
354 1148 506 1240 [Hymni
537 1147 582 1220 de
608 1147 670 1219 SS.
702 1145 899 1238 Cyprian0,
926 1145 1128 1237 Stephana,
1146 1144 1361 1235 Ambrosio,
1380 1146 1421 1217 de

339 1262 555 1337 ascensione
582 1260 743 1351 Domini,
770 1261 814 1334 de
844 1261 907 1334 SS.
937 1259 1154 1353 Euptremia,
1185 1259 1356 1350 Nazario,
1379 1260 1421 1333 de

337 1380 379 1452 B.
402 1378 445 1451 V.
474 1377 600 1468 Maria,
631 1377 676 1451 de
706 1377 769 1450 SS.
800 1375 970 1466 Martino,
999 1374 1190 1468 Dionysio]
1220 1373 1296 1470 (fol.
1327 1377 1421 1448 16⁶2*-

224 1623 326 1686 Hartel,
338 1641 363 1693 p.
374 1624 501 1686 bib-5553
520 1622 612 1691 Vogel,
624 1638 650 1690 p.
662 1621 782 1675 bal-tob.

288 1728 328 1799 9ο
354 1722 662 1817 [Euclraristicum
680 1723 725 1796 de
741 1722 817 1794 vita
834 1724 916 1814 sua]
938 1721 1011 1816 (sol.
1030 1721 1240 1817 ter-193¹).

223 1854 364 1909 Confessio
376 1853 501 1907 Ennodii.
512 1852 615 1915 Hartel,
631 1870 656 1921 p.
668 1852 791 1915 abadon
804 1851 897 1921 Vogel,
909 1868 935 1920 p.
946 1851 1065 1905 auo-aot.

291 1955 352 2027 100
377 1954 419 2026 In
441 1954 566 2027 natale
583 1975 620 2025 xr
637 1950 783 2024 milium
800 1950 986 2044 virginum
1003 1950 1074 2029 (iol.
1098 1950 1197 2048 bodl)

221 2084 357 2139 Particula
374 2083 458 2138 officii
470 2084 497 2151 (a
515 2082 700 2152 Complatorio
718 2082 753 2135 ad
765 2082 886 2136 medium
899 2097 986 2150 usque
995 2082 1076 2151 primi
1086 2081 1234 2148 nocturni),
1247 2082 1416 2136 neumatibus

191 2185 285 2239 notati.

635 2348 979 2359 --——-———---

411 2609 583 2698 OLXHI.
612 2611 737 2698 (lodex
762 2611 948 2721 signatus
974 2621 1017 2696 n⁰
1043 2610 1207 2699 9871-4.

222 2858 262 2910 Ex
274 2856 381 2909 duobus
393 2855 533 2908 codicibus
550 2859 664 2919 constat,
677 2855 777 2924 quibus
789 2855 870 2909 simul
882 2858 999 2926 sumptis
1017 2857 1192 2911 continentur
1208 2857 1275 2911 lolia
1288 2857 1417 2911 membra·

190 2972 242 3010 nea
255 2957 310 3019 155,
321 2960 419 3024 practer
430 2955 619 3008 membranam
634 2953 777 3007 insiticiam
796 2954 881 3009 initio.
893 2955 1000 3009 Formae
1011 2957 1133 3023 ejusdem
1147 2962 1188 3010 est
1200 2957 1290 3010 codex
1302 2962 1419 3026 uterque,

188 3054 286 3108 mediae
306 3053 409 3107 scilicet
427 3054 515 3119 (0⁰¹2ss
536 3060 561 3109 ><
581 3053 678 3117 0,185);
697 3057 813 3120 uterque
833 3054 915 3107 etiam
934 3054 1013 3108 lineis
1029 3055 1160 3123 graphide
1179 3054 1280 3121 ductis,
1297 3055 1419 3124 binisque

188 3150 331 3211 columnis,
343 3150 435 3203 seculo
453 3148 514 3203 Xlll
532 3150 689 3219 descriptus,
701 3150 749 3203 sed
767 3166 851 3204 manu
864 3167 919 3204 non
932 3152 1037 3216 eadem,
1049 3152 1088 3206 ita
1100 3158 1130 3207 ut
1142 3151 1280 3222 scriptura
1289 3154 1380 3208 minor
1386 3154 1419 3207 sit

188 3249 309 3303 inaltera
318 3254 395 3317 parte
406 3264 490 3317 quam
499 3248 526 3301 in
539 3247 636 3318 priore.

221 3348 354 3415 Quaenam
367 3348 466 3401 tuerint
474 3348 556 3415 hujus
566 3347 666 3401 codicis
675 3347 739 3410 lata,
752 3347 779 3400 id
791 3349 885 3417 nequit
898 3355 971 3403 certo
983 3348 1061 3419 signo
1071 3349 1258 3403 determinari.
1270 3350 1421 3420 Inscriptio·

187 3464 244 3511 nes,
273 3448 296 3501 si
325 3464 385 3516 quae
412 3453 489 3501 eraut
515 3447 541 3500 in
568 3445 744 3515 marginibus
762 3447 870 3516 pumice
896 3448 992 3502 deletae
1013 3449 1131 3503 fuerunt.
1153 3448 1221 3502 Haec
1239 3454 1337 3504 tamen
1359 3455 1422 3505 nou

188 3546 305 3600 occurrit
316 3545 362 3599 fol.
374 3547 417 3598 45¹
426 3562 509 3598 mann
522 3545 623 3599 receuti
633 3545 777 3613 iuscripta:
789 3547 890 3599 Frater
899 3549 1054 3601 Autboniua
1064 3550 1233 3615 Pellieerius,
1241 3549 1422 3613 Divioueuaia,

187 3647 332 3713 relipioeus
345 3646 539 3708 Cr'atercr'eusb,
554 3662 624 3712 puer
636 3646 707 3698 bone
719 3647 826 3698 indolis.
839 3644 971 3700 Praeterea
984 3646 1100 3715 margini
1116 3646 1248 3713 inferiori,
1261 3656 1327 3719 post
1337 3651 1423 3719 sinqu-

187 3743 229 3797 los
249 3743 442 3812 quaterniones
463 3742 534 3795 foliis
552 3747 614 3796 octo
635 3747 799 3804 constantes,
817 3743 1002 3798 inscribuntur
1019 3746 1127 3799 numeri
1142 3746 1217 3800 intra
1237 3749 1422 3818 quorumdam

188 3842 345 3896 nimborum
356 3842 490 3895 curbitum
504 3841 607 3894 inclusi.
617 3841 701 3895 Tituli
712 3841 939 3896 documentorum
952 3844 1038 3897 minio
1048 3850 1112 3898 sunt
1120 3845 1251 3916 descripti
1256 3868 1264 3911 ;
1276 3848 1424 3918 litteraque

188 3938 306 3993 initiales
324 3938 519 4007 aliquantisper
530 3944 632 3992 omatae
642 3945 669 3992 et
680 3939 885 4009 grandiusculae,
895 3943 1044 4010 presertim
1059 3942 1190 4011 inpriore
1208 3951 1299 4013 parte.
1312 3948 1345 4002 lu
1362 3947 1423 4003 folio

186 4038 299 4091 tandem
311 4038 428 4091 insiticio
440 4038 574 4106 leguntur,
586 4044 684 4106 praeter
699 4038 834 4106 duplicem
850 4045 1041 4095 contentorum
1055 4041 1181 4108 indicem,
1194 4050 1323 4113 quatuor
1334 4063 1425 4103 uersus

187 4135 313 4190 morales

220 4235 299 4302 Quod
309 4235 453 4288 materiam
465 4240 578 4303 spectat,
586 4237 733 4290 secundam
746 4243 852 4306 partem
865 4237 922 4303 (lot.
934 4237 1039 4304 Sti-155)
1052 4240 1184 4309 adimplet
1194 4241 1324 4299 Gaulridi
1337 4246 1426 4301 Moue-

188 4333 321 4386 mutensis
333 4335 458 4387 Historia
475 4351 567 4401 lupum
584 4336 744 4389 Britannia.
765 4336 821 4391 Fol.
838 4338 872 4390 85
890 4341 1037 4390 occurrunt
1055 4342 1110 4390 tres
1131 4338 1273 4395 columnae
1293 4343 1427 4413 scriptura

187 4432 306 4500 primum
320 4450 421 4496 vacum,
434 4434 534 4501 quibus
548 4433 628 4487 variis
640 4435 766 4488 aetatibus
779 4437 878 4489 audita
889 4436 998 4489 luerunt
1010 4436 1150 4491 orationes
1161 4440 1312 4496 nauclere
1325 4442 1427 4497 deletae.

187 4531 218 4584 ln
235 4531 323 4599 prima
341 4548 406 4584 vero
419 4538 503 4600 parte,
516 4538 613 4599 prater
630 4532 773 4587 homiliam
788 4535 814 4589 S.
833 4535 965 4588 Beruardi
976 4552 1060 4603 super
1072 4537 1233 4603 miserescat,
1243 4542 1273 4592 et
1285 4556 1428 4597 semroncs

187 4629 256 4682 duos
265 4629 383 4682 morales
396 4630 421 4682 S.
434 4630 506 4683 Petri
517 4630 642 4683 Damiani
653 4631 687 4683 de
697 4631 722 4684 S.
732 4631 838 4685 ioanne
848 4632 1023 4701 evangelista,
1031 4632 1140 4701 (bligue,
1147 4633 1176 4687 P.
1186 4634 1226 4699 L..
1234 4640 1306 4693 tom.
1316 4638 1427 4699 cunti.

188 4743 214 4794 p.
224 4727 344 4795 &57-875)
356 4729 472 4782 occurrit
486 4730 683 4784 documentum
693 4730 806 4784 unicum
819 4730 1070 4800 tragiographicum,
1080 4732 1155 4802 quod
1166 4739 1210 4788 est
