3270 5400
256 380 349 433 arai.
367 380 450 431 auo.
469 380 641 431 uacuam.
661 402 707 410 —
725 380 874 431 inpuro.
893 380 939 430 an
956 380 1036 431 coo.
1055 372 1093 430 ΝΟ
1111 380 1188 434 rou.
1270 362 1338 434 173

98 572 213 638 septem
222 586 311 624 anuos
328 570 356 624 in
374 571 487 625 servitio
499 570 586 624 beatae
604 569 761 623 Kaiberinoe
772 569 888 622 devotus
898 570 1055 638 permansit.
1064 570 1152 637 Quam
1163 587 1224 624 cum
1237 573 1337 624 instan-

99 668 184 720 tius*
196 672 326 723 exoraret
339 673 369 721 ut
380 668 483 736 aliquid
496 669 530 721 de
542 683 656 736 corpore
668 684 718 721 suo
731 667 833 720 habere
846 672 1005 730 mereretur,
1017 668 1108 721 subito
1121 670 1195 736 rupit
1207 669 1241 722 de
1252 685 1338 722 uranu

98 765 178 819 illius
190 783 263 820 unus
274 766 407 821 articulus
419 767 576 835 digitorum.
589 766 640 833 Qui
650 766 753 819 donum
767 765 816 819 Dei
829 766 907 819 latus
918 767 1019 835 recepit
1028 773 1056 820 et
1068 768 1102 820 ad
1111 784 1191 821 suum
1202 775 1338 821 monaste·

99 866 178 920 rium
188 865 353 935 deportarit.

60 1068 79 1117 ⁵
97 1068 272 1141 menter
292 1070 428 1128 emate
441 1068 550 1140 virgo
564 1071 602 1127 et
623 1069 768 1139 martyr·
781 1068 914 1127 Christi
934 1069 1139 1128 Katberine
1158 1069 1273 1141 primo
1293 1083 1339 1129 ex

142 1168 357 1227 Tenthouiae
371 1165 542 1239 pertibus
567 1167 819 1240 adiacentibus
832 1167 982 1239 eoeperit
998 1166 1178 1238 venerari,
1193 1181 1241 1228 ex
1254 1182 1340 1239 quo-

142 1268 232 1327 dam
246 1267 429 1327 'miraculo
451 1265 634 1338 colligitur
657 1266 752 1337 quod
776 1266 812 1324 in
833 1268 1039 1339 cameraco,
1060 1265 1210 1327 civitem
1227 1268 1338 1339 tmpe-

141 1365 244 1440 riali,
265 1366 404 1426 tantm
424 1366 535 1426 inim
555 1366 743 1427 narratur.

145 1554 207 1615 19.
227 1555 290 1610 Fuit
301 1554 443 1624 quoddam
455 1555 655 1609 monasterium
667 1555 916 1610 sanctimonialium
930 1556 974 1609 cui
991 1562 1104 1623 praeerat
1114 1558 1241 1625 quaedam
1252 1574 1338 1617 soror.

45 1660 79 1711 iii
97 1674 166 1727 quae
175 1671 232 1710 non
245 1654 337 1707 minus
349 1651 513 1707 rectitudine
525 1652 589 1706 vitae
601 1668 685 1722 quam
698 1652 843 1706 nobilitate
852 1653 959 1721 generis
971 1653 1119 1707 relucebat.
1131 1654 1192 1722 ipsa
1209 1671 1276 1708 vero
1289 1657 1339 1707 ira·

96 1762 175 1811 trem
182 1751 1336 1823 quemdamhabebat‚miiiiemstrenuum,quivicequadamcausarisitandiadeam

97 1852 229 1908 arcessit.
242 1850 368 1919 Cumque
380 1848 456 1901 abire
468 1847 558 1910 retici,
570 1865 654 1902 unum
669 1849 703 1901 de
715 1848 818 1901 familia
830 1865 880 1901 sua
892 1848 995 1902 ibidem
1008 1849 1124 1902 militem
1137 1849 1245 1918 reliquit
1257 1867 1338 1919 agro·

97 1956 226 2011 tentem:
248 1964 332 2018 quem
346 1953 439 2001 tamen
451 1945 540 2001 sorori
552 1964 617 2009 suae,
629 1953 659 2001 ui
677 1948 736 2014 ejus
747 1964 840 2001 curam
855 1948 979 2009 haberet,
991 1949 1204 2002 commendarit.
1215 1949 1337 2017 Quapro-

99 2056 166 2120 pter
182 2048 238 2104 sibi
254 2064 270 2101 a
288 2048 372 2101 fratre
392 2064 444 2100 suo
462 2046 642 2100 commissum
660 2047 775 2100 militem
794 2046 874 2115 coepit
891 2046 1013 2112 visitare,
1025 2052 1053 2100 et
1069 2048 1188 2115 qualiter
1204 2051 1292 2116 potuit
1309 2049 1337 2101 in

47 2152 81 2203 it
98 2148 265 2204 infirmitate
276 2145 479 2200 consolabatur.
491 2145 538 2199 iile
548 2145 654 2214 aperuit
665 2146 690 2198 ei
702 2151 808 2199 secreta
817 2146 907 2199 cordis
919 2147 971 2207 sui,
980 2146 1074 2199 dicens
1085 2147 1160 2214 quod
1172 2163 1266 2201 amore
1278 2149 1338 2213 ejus

99 2252 201 2318 eaptus
219 2251 291 2301 esset
302 2251 338 2310 et,
351 2245 403 2299 uisi
421 2244 473 2298 sibi
487 2244 662 2308 consentiret,
679 2244 772 2298 rivere
784 2245 898 2299 minime
917 2245 1029 2299 valeret.
1048 2245 1096 2299 iiia
1108 2262 1182 2312 vero,
1195 2250 1224 2299 ut
1235 2246 1337 2299 semina

99 2352 182 2402 easta
190 2350 219 2399 et
231 2345 340 2406 devota,
349 2348 485 2412 quantum
497 2341 605 2397 valuita
616 2348 672 2396 iam
686 2343 805 2397 nefando
814 2343 949 2397 desiderio
959 2343 1049 2412 ipsum
1058 2348 1152 2397 sancto
1164 2344 1301 2413 colloquio
1310 2349 1338 2397 et

98 2445 225 2513 benigno
242 2441 358 2497 consilio
369 2448 494 2495 avertere
507 2441 652 2495 nitebatur.
670 2441 767 2495 Sermo
779 2446 871 2495 autem
890 2443 949 2507 eius
967 2441 1035 2495 nihii
1048 2442 1164 2509 proiecit
1175 2442 1202 2496 iu
1214 2459 1256 2496 eo.
1268 2444 1337 2497 Cum

99 2548 199 2599 autem
210 2542 339 2597 diabolus
347 2542 516 2595 incessanter
526 2539 605 2594 bonis
617 2541 747 2609 operibus
753 2541 889 2609 justorum
903 2540 1046 2594 insidietur
1057 2545 1084 2595 et
1091 2542 1170 2606 juxta
1181 2543 1337 2611 apostolum

46 2646 81 2697 20
99 2642 197 2696 Bonos
213 2658 301 2693 morea
311 2646 492 2707 corrrmrpuat
509 2640 642 2707 colloquio
654 2641 735 2704 malo,
747 2638 811 2706 quia
824 2639 881 2706 ipse
896 2638 979 2692 etiam
998 2638 1107 2692 incauta
1124 2639 1212 2707 ipsum
1227 2641 1338 2694 visitare

99 2743 294 2799 consueuerat,
304 2738 364 2807 ipsa
379 2752 458 2790 soror
470 2752 531 2805 quae
543 2737 644 2790 devota
655 2737 744 2790 iuerat
757 2752 804 2805 per
818 2737 935 2790 mititem
949 2736 1025 2790 iilum
1038 2738 1107 2792 adeo
1120 2744 1224 2793 tentata
1236 2740 1295 2803 init
1308 2747 1339 2796 ut

96 2839 159 2908 jem
169 2854 266 2892 aecum
278 2838 314 2892 ed
325 2837 449 2891 seculum
459 2837 536 2890 abiro
546 2837 635 2891 vellet.

141 2934 206 2995 20.
219 2934 273 2989 Sed
281 2934 348 3003 quia
357 2934 418 3003 ipse
427 2938 509 2987 antea
518 2934 598 2987 raldo
607 2934 733 3004 religiosa
743 2936 840 2997 iuerat,
847 2951 925 2989 more
932 2935 1013 2989 solito
1022 2935 1142 3003 quadarn
1152 2941 1232 2989 nocie
1241 2937 1338 2991 altaria

98 3051 160 3091 eune
171 3031 295 3088 ecciesiae
305 3029 440 3084 orationis
450 3029 537 3098 gratia
550 3029 743 3100 perlustrabat.
753 3030 871 3084 Veniens
880 3036 972 3084 autem
982 3031 1017 3084 ad
1029 3031 1115 3084 altare
1127 3031 1214 3085 beatae
1225 3033 1338 3100 virginis

48 3138 82 3191 18
96 3134 203 3195 uarie,
215 3146 311 3185 coram
324 3129 445 3198 imagine
457 3129 516 3197 ejus
528 3129 600 3183 inter
617 3135 707 3183 cetera
720 3130 803 3183 verba
818 3130 857 3183 sic
873 3131 983 3183 beatam
996 3129 1128 3199 virginem
1145 3130 1256 3185 Mariam
1270 3131 1337 3184 aito·

96 3233 205 3304 quitur,
222 3230 334 3284 dicens:
354 3228 376 3281 0
393 3236 487 3281 sanctu
499 3230 603 3292 diaria,
620 3246 666 3295 eoo
678 3232 760 3283 iriiiria
778 3231 947 3296 intimamaio
959 3246 1050 3282 amore
1062 3231 1140 3282 illiue
1151 3232 1248 3283 militie
1259 3248 1337 3295 eum,-

95 3340 218 3393 aennm,
230 3329 298 3395 quio
310 3342 420 3401 recanere
432 3342 486 3378 aon
502 3327 583 3391 raico,
600 3327 737 3379 licentiam
754 3345 770 3379 a
788 3335 812 3379 ic
828 3329 931 3394 accipio
949 3335 972 3380 ei
984 3328 1070 3380 iocum
1084 3330 1165 3379 iatam
1182 3335 1233 3381 irre
1242 3330 1338 3395 qratia

94 3426 297 3483 recormendo.
314 3423 401 3477 Beata
411 3428 505 3477 autem
524 3423 599 3492 virgo
617 3425 743 3493 apparuit
760 3425 794 3487 ei,
811 3425 920 3478 dicens:
935 3427 957 3478 0
972 3427 1041 3491 litio,
1052 3434 1106 3479 caio
1119 3443 1296 3494 per-aererane
1307 3429 1337 3479 in

87 3528 242 3597 proponite
253 3525 479 3591 maiitaiiaquom
488 3522 562 3576 Filio
576 3541 638 3587 meo,
647 3526 697 3592 qai
708 3532 745 3577 eat
753 3526 804 3590 {loe
815 3527 953 3590 cirqiirum
962 3533 985 3578 ei
994 3524 1008 3553 *
1020 3526 1156 3590 speculum
1164 3527 1246 3578 ioiiua
1260 3529 1338 3578 coati-

41 3632 74 3687 8
91 3628 175 3691 mie,
187 3625 293 3677 wrieii.
306 3623 385 3675 b'rtit
402 3624 473 3675 enim
490 3623 557 3675 coici
574 3638 664 3676 waere
675 3625 714 3676 oet
725 3625 837 3690 aliquod
848 3624 945 3677 borram
964 3625 1098 3688 inchoare,
1110 3626 1167 3676 aciat
1185 3626 1214 3675 ia
1231 3642 1260 3676 eo
1277 3626 1355 3677 relit'

88 3726 371 3791 bomem-umore.
385 3720 502 3773 Tantum
513 3721 585 3774 euim
597 3720 722 3775 Salvator
733 3723 830 3774 ricuardi
841 3730 915 3775 cinni
924 3724 1080 3785 caetitatem,
1092 3723 1164 3788 quod
1175 3737 1228 3773 aon
1239 3722 1295 3773 aiei
1306 3721 1338 3773 de

89 3824 210 3891 airoino
219 3820 306 3875 coluit
324 3826 348 3872 ei
358 3821 446 3888 potuit
458 3821 543 3873 nacci.
559 3818 625 3873 Post
642 3819 701 3873 haec
719 3818 764 3872 illa
776 3820 811 3873 ad
826 3820 981 3883 secundum
988 3820 1121 3888 processit
1130 3819 1225 3882 aliare,
1235 3819 1338 3872 scilicet

86 3924 205 3979 sanctae
219 3918 325 3981 Crucis,
337 3922 365 3972 et
377 3916 452 3986 quod
465 3920 572 3971 tantum
588 3917 662 3971 nrala
674 3918 895 3987 eoncupiscentia
907 3934 1039 3972 succensa
1050 3922 1117 3981 erat,
1129 3918 1204 3986 quod
1223 3918 1338 3971 nuliate-

86 4038 149 4077 nus
161 4031 280 4072 manere
292 4019 387 4085 posset
394 4013 423 4069 in
435 4013 563 4079 claustro,
575 4020 651 4070 stans
663 4033 757 4070 coram
768 4017 896 4070 crucifixo
909 4017 1033 4071 asseruit.
1041 4017 1195 4085 Statimque
1205 4018 1339 4071 Dominus

26 4130 66 4183 ὅ
85 4118 228 4193 pendens
239 4114 268 4169 in
280 4131 361 4169 cruce
372 4114 398 4169 ei
410 4114 545 4184 apparuit,
553 4114 663 4170 dicens:
680 4117 702 4169 0
707 4118 767 4182 fitia
777 4118 882 4181 dilecta,
890 4117 961 4170 obsit
970 4125 1024 4169 uta
1035 4134 1076 4169 me
1083 4119 1201 4181 recedas,
1210 4120 1338 4184 quoniam

85 4218 239 4287 nuquam
250 4230 306 4269 mco
317 4220 343 4269 te
353 4215 464 4268 redemi.
474 4215 554 4267 Absit
572 4222 602 4268 ui
617 4233 703 4269 anem
719 4218 889 4269 tentationem
905 4233 1036 4283 superare
1047 4233 1100 4269 non
1113 4218 1211 4280 eatena,
1220 4232 1273 4284 pro
1284 4234 1338 4284 quo

85 4314 228 4373 minui
243 4314 396 4367 durissima
413 4314 505 4365 crucia
521 4320 661 4366 tormenta.
678 4311 782 4366 Ultimo
799 4312 931 4382 processit
947 4312 982 4364 ad
998 4312 1108 4365 tertium
1126 4312 1220 4374 altare,
1237 4312 1341 4366 scilicet

87 4416 194 4469 beatae
205 4407 372 4472 htberiuoe,
383 4424 446 4477 quae
458 4406 561 4462 ibidem
571 4413 687 4478 patrona
700 4409 752 4463 tuit
763 4413 791 4463 et
804 4425 897 4462 coram
909 4426 951 4474 ea,
965 4409 1035 4464 sicut
1046 4426 1139 4463 coram
1157 4409 1218 4462 aliis
1230 4410 1339 4477 iecerat,

88 4527 126 4567 se
139 4506 259 4579 penitus
274 4509 433 4577 superatam
445 4504 540 4560 illicita
551 4507 775 4578 coucupiscentia
791 4508 939 4571 astruebat,
952 4513 981 4561 et
991 4524 1021 4562 se
1032 4508 1188 4562 nuliatenus
1200 4508 1227 4562 in
1239 4508 1340 4563 Ordine

22 4626 65 4679 ω
89 4606 254 4683 persistere
265 4604 411 4660 referebat
422 4605 501 4660 Tunc
512 4605 594 4660 beata
609 4606 759 4661 Katherina
771 4606 897 4677 apparuit
909 4607 942 4669 ei,
951 4623 1014 4661 cum
1023 4607 1099 4660 omui
1110 4624 1209 4676 genere
1221 4613 1340 4662 tormen-

93 4714 202 4763 torum
218 4719 280 4772 quae
297 4702 356 4774 ipsa
369 4718 421 4773 pro
433 4720 530 4758 amore
542 4704 643 4759 Christi
660 4721 740 4775 passa
755 4705 851 4771 iuerat,
868 4705 977 4759 dicens:
991 4707 1094 4774 Memor
1109 4723 1164 4760 erae
1180 4707 1264 4771 debes,
1272 4708 1340 4771 fitia,

1420 672 1433 701 *
1442 674 1498 725 cod.

1392 737 1525 791 instatiua.
