3270 5400
217 342 286 413 138
548 362 675 415 carae.
701 362 805 417 cono.
830 362 1105 419 naoroomeuro.

214 551 277 605 dine
289 552 498 621 praedicatorum
509 552 583 606 salus
598 558 760 622 procuratur
769 553 927 609 numanum
936 558 964 607 et
974 553 1119 608 conversio
1130 558 1317 623 peccatorum.
1327 554 1453 609 Proinde

214 650 311 704 solitus
323 655 382 704 crat
398 656 476 720 pater
486 651 548 721 pins
558 668 613 707 una
628 652 839 722 quadragesima
850 651 979 716 Parisius,
990 652 1045 705 alia
1056 652 1190 706 Bononiae
1208 660 1322 721 propter
1333 653 1452 707 clerico·

213 766 275 805 mn
285 750 490 805 multitudinum
502 751 646 805 dernmari.
658 751 748 804 Dabat
759 750 832 805 enim
845 751 978 805 Dominus
990 752 1119 805 virtutem
1136 751 1196 805 roci
1214 769 1281 815 sure,
1293 758 1323 807 et
1334 768 1453 806 conver·

212 849 343 903 tebrntur
353 849 514 903 catervatim
526 850 562 902 ad
573 850 732 918 religionem
744 851 892 913 scholares,
901 850 991 904 clerici
1000 855 1027 904 et
1037 851 1167 920 magistri.
1175 851 1453 919 Erantqueciritales

216 947 268 1001 illas
285 946 364 1016 quasi
375 963 457 1015 apum
470 947 597 1009 alvearia.
610 965 643 1001 eo
661 947 786 1016 quodibi
803 946 951 1014 recipiendi
968 948 1155 1007 convolarent,
1172 952 1199 1002 el
1217 948 1281 1001 inde
1299 949 1398 1001 emissi
1414 950 1452 1003 ad
1470 960 1487 1007 t

215 1047 283 1101 alias
295 1046 450 1115 pronuncias
466 1047 615 1100 evolarent
627 1047 745 1100 Veniens
756 1052 849 1100 autem
866 1046 973 1099 adhaec
990 1045 1051 1099 loca
1068 1047 1110 1099 vir
1127 1052 1248 1107 sanctus.
1258 1047 1342 1115 jussit
1359 1052 1453 1101 vestes

216 1147 348 1216 plurimas
360 1147 515 1215 praeparari,
527 1146 655 1199 fiduciam
665 1146 771 1199 habens
781 1146 808 1198 in
821 1145 939 1200 Domino
948 1147 1021 1214 quod
1034 1146 1086 1199 sibi
1099 1146 1188 1199 nudos
1201 1146 1324 1200 mitteret
1336 1147 1453 1201 induen-

216 1246 273 1298 dos.
286 1244 499 1313 Oderebantque
511 1261 540 1297 sc
550 1249 591 1298 tot
599 1244 767 1306 multotiens,
776 1244 850 1313 quod
860 1244 905 1296 vix
919 1250 1007 1297 restes
1016 1248 1144 1312 poterant
1155 1245 1282 1299 inveniri.
1294 1245 1413 1314 Recepit
1423 1247 1452 1300 in

215 1344 335 1412 quodam
346 1343 546 1397 Purificationis
560 1343 676 1411 Virginis
686 1344 781 1396 inatris
793 1344 862 1396 testo
872 1347 949 1410 pater
960 1348 1069 1396 sanctus
1082 1343 1195 1397 clericos
1208 1343 1303 1413 viginti
1313 1348 1341 1398 et
1355 1361 1452 1407 unum,

216 1459 334 1511 quorum
347 1442 438 1510 plures
448 1442 564 1495 lectores
577 1442 604 1495 in
617 1442 767 1510 Theologia
780 1442 956 1509 postmodnm
968 1441 1125 1495 extiterunt.
1137 1443 1201 1496 Erat
1213 1448 1279 1496 tunc
1292 1443 1331 1497 ibi
1349 1444 1453 1497 multa·
1473 1452 1492 1500 lt

217 1558 277 1595 rum
296 1541 394 1595 effusio
413 1541 597 1601 lacrimarum,
615 1540 745 1592 tratribus
762 1539 826 1592 hinc
847 1556 902 1607 prae
922 1539 1031 1608 gaudio,
1042 1539 1215 1594 scholaribus
1232 1558 1264 1595 ac
1276 1542 1361 1595 sociis
1378 1542 1453 1595 illinc

217 1639 344 1693 dentibus
361 1656 415 1708 prae
433 1638 536 1692 dolore.
554 1638 668 1690 Indutus
679 1642 721 1690 est
733 1653 795 1689 cum
815 1636 873 1690 istis
890 1653 961 1690 unus
977 1637 1161 1701 theutonicus,
1170 1655 1256 1707 quern
1269 1638 1454 1706 suspenderat

217 1743 329 1806 propter
341 1737 552 1792 teneritudinem
568 1735 727 1804 juventutis.
746 1735 834 1802 Quem
854 1735 949 1789 ridens
966 1737 1007 1790 vir
1025 1737 1171 1804 piissimus,
1183 1738 1309 1791 arridens
1319 1738 1452 1808 gratiaeet

218 1838 357 1891 devotioni
376 1838 442 1903 ejus,
462 1837 577 1889 dulciter
587 1835 672 1889 dixit:
697 1837 771 1890 Unus
783 1853 816 1888 er
832 1838 905 1889 robis
920 1837 1036 1900 furatur
1058 1838 1194 1890 Ordinem.
1212 1837 1339 1905 Cumque
1362 1842 1452 1891 restes

218 1936 366 1989 deficerent
378 1935 482 2003 (viginti
494 1936 567 1989 enim
587 1934 662 2002 paria
681 1939 786 1987 tantum
805 1935 918 1987 aderant
935 1952 984 1988 nec
1003 1940 1114 2003 propter
1131 1935 1278 1989 astantium
1299 1936 1452 1991 multitudi·
1469 1942 1492 1992 tl

219 2051 282 2088 nem
295 2034 371 2087 locus
391 2035 503 2103 patebat
524 2040 553 2087 ut
572 2038 660 2086 vestes
672 2034 853 2097 afferrentur).
868 2048 938 2086 unus
957 2033 1072 2088 fratrum
1091 2050 1215 2103 cappam,
1232 2035 1302 2088 aller
1320 2035 1452 2093 tunicam.

220 2133 315 2186 tertius
333 2133 475 2201 scapulare
488 2137 629 2194 exuerunt,
642 2137 671 2184 ut
689 2133 847 2184 inducretur
858 2132 905 2199 qui
918 2133 1046 2186 restabat.
1059 2132 1151 2186 Noluit
1162 2138 1241 2200 pater
1253 2134 1315 2202 pius
1326 2151 1392 2187 eum
1405 2134 1451 2202 qui

219 2233 254 2285 ad
271 2248 300 2284 se
313 2237 434 2294 veneral,
447 2232 599 2284 verecunde
617 2231 724 2297 ejicere.
741 2230 793 2296 Qui
807 2231 1065 2299 proficiens,p0stea
1078 2233 1165 2285 lactus
1180 2238 1222 2286 est
1233 2233 1321 2286 lector
1337 2238 1366 2286 el
1384 2233 1450 2303 opti·

219 2348 281 2385 mus
293 2331 461 2398 praedicator.
478 2330 613 2399 'santique
633 2330 680 2383 zeli
698 2330 769 2382 circa
786 2331 955 2399 recipiendos
968 2331 1065 2395 extitit,
1077 2337 1106 2384 ul
1119 2330 1230 2384 bibliam
1242 2348 1323 2385 suam
1338 2346 1388 2400 pro
1400 2333 1451 2386 sol·

221 2430 315 2484 vendis
326 2429 445 2496 ipsorum
460 2429 558 2482 debitis
567 2429 666 2496 saepius
678 2427 819 2497 obligaret.
1466 2435 1492 2485 lt

285 2636 449 2706 Quellter
476 2634 679 2693 humllltate
704 2647 773 2693 sua
794 2633 981 2705 cujusdem
1004 2633 1187 2705 potentum
1214 2633 1399 2693 saevluem

736 2730 931 2803 mitigavit.

263 2924 296 2983 6.
320 2925 433 2993 llcccpit
451 2925 580 2993 magister
593 2925 718 2977 l'adon‘oe
731 2923 931 2977 Thentonicunr
947 2921 1075 2981 nobilem,
1088 2925 1168 2973 aetate
1179 2920 1317 2986 floridum,
1330 2920 1453 2975 muribus

223 3025 531 3095 gmliosum;quen1ut
550 3022 690 3090 proposito
706 3027 800 3074 sancto
820 3024 982 3081 averterent,
1001 3017 1091 3071 solum
1111 3033 1174 3070 cum
1194 3017 1309 3071 muliere
1330 3017 1453 3086 speciosa

226 3122 387 3190 [ricdagogus
401 3121 485 3188 ipsius
498 3125 524 3171 ct
536 3120 603 3173 socii
615 3120 642 3172 in
655 3136 763 3173 canneru
778 3119 977 3172 concluserunt.
990 3117 1042 3170 Sed
1055 3116 1178 3169 Christus
1189 3116 1218 3169 in
1229 3134 1263 3168 co
1272 3116 1453 3186 triumphans,
1468 3126 1492 3175 1

224 3237 333 3274 camera
348 3220 412 3273 vicit
423 3235 486 3272 cum
496 3219 588 3272 seculo
601 3225 629 3272 et
641 3219 763 3288 religioni
774 3217 923 3285 conjunxit.
933 3217 1016 3283 Cujus
1026 3221 1103 3284 paler
1113 3221 1210 3284 potens
1221 3216 1356 3284 divesque
1369 3216 1453 3277 valde,

224 3337 287 3375 cum
299 3319 386 3373 multo
404 3320 537 3373 comitatu
553 3318 748 3371 Lombardiam
762 3318 854 3370 furens
872 3317 948 3375 adiit,
965 3321 1090 3384 satagens
1106 3319 1153 3367 aut
1171 3315 1254 3368 lilium
1275 3317 1397 3385 recipere
1408 3321 1454 3370 aut

225 3419 386 3488 magistrum
404 3416 512 3471 Ordinis
529 3417 689 3469 interficere.
709 3416 800 3469 Alium
818 3416 891 3469 enim
908 3413 994 3468 tilium
1014 3430 1069 3467 non
1087 3413 1215 3467 habebat.
1227 3412 1353 3467 Occurrit
1365 3418 1378 3444 *
1390 3432 1453 3485 ergo

224 3516 322 3570 sedens
335 3530 414 3583 equo,
434 3513 571 3566 nesciente
584 3512 642 3566 viro
660 3518 754 3567 sancto
763 3532 769 3573 ;
778 3512 953 3581 clamoreque
969 3510 1065 3564 rabido
1078 3510 1202 3579 quaesivit
1214 3510 1250 3563 ob
1266 3526 1299 3564 eo
1312 3516 1453 3582 tamquam

224 3616 259 3669 ab
273 3614 327 3667 alio
337 3613 383 3666 ubi
396 3618 467 3666 essct
476 3612 519 3666 illc
532 3613 674 3665 londanus.
687 3612 736 3665 Cui
750 3612 790 3665 vir
799 3611 846 3664 Dei
858 3611 916 3664 nriti
928 3611 1021 3664 animo
1030 3610 1146 3679 betaque
1155 3608 1224 3663 facie
1234 3612 1390 3677 respondit:
1400 3613 1455 3680 Epo

225 3732 293 3769 error.
305 3713 367 3767 Mox
378 3713 421 3766 ille
434 3728 465 3764 ex
482 3712 566 3765 verbo
580 3711 700 3765 veritatis
714 3711 762 3764 riri
775 3711 861 3764 sancti
882 3710 1010 3763 virtulem
1028 3708 1155 3771 sentiens,
1167 3708 1242 3761 omni
1254 3709 1365 3764 feritate
1374 3712 1455 3781 depo·

225 3814 285 3877 sita,
295 3814 328 3866 de
338 3829 409 3880 equo
423 3810 574 3880 prosiliens,
586 3812 620 3864 ad
641 3811 723 3879 pedes¹
741 3811 800 3878 ejus
812 3810 954 3864 humiliter
965 3826 994 3862 se
1006 3808 1161 3876 prostravit,
1173 3813 1371 3879 peccatumque
1383 3812 1455 3880 quod

225 3918 322 3967 contra
331 3913 419 3980 ipsum
431 3910 566 3964 habuerat
577 3901 608 3963 in'
617 3912 699 3964 corde
710 3926 775 3964 cum
786 3909 905 3963 lacrimis
914 3909 1056 3975 confitens,
1065 3908 1173 3961 reniam
1182 3907 1341 3975 postularit,
1349 3910 1456 3965 dicens:

226 4014 291 4066 Jom
303 4013 335 4064 rie
345 4013 402 4076 filio
414 4028 470 4063 arec
479 4013 657 4063 consolatione
666 4019 771 4077 accepto
779 4013 908 4078 promitto
916 4011 966 4062 tibi
973 4010 1052 4077 quod,
1061 4016 1204 4076 orrtrquom
1213 4010 1250 4061 od
1257 4016 1363 4062 ternum
1373 4028 1457 4065 aarum

228 4114 342 4173 ardeam,
353 4127 405 4177 pro
419 4112 524 4162 Obruta·
535 4112 640 4161 nonnae
652 4111 845 4174 incrustando.
856 4108 935 4176 Quod
943 4112 970 4161 el
982 4107 1054 4169 fecit,
1063 4123 1126 4159 oum
1136 4112 1244 4159 centum
1256 4107 1313 4160 lere
1322 4109 1458 4177 equitatu·

228 4208 265 4261 ris
282 4213 309 4260 ct
322 4207 408 4260 multu
428 4207 562 4260 transiens
577 4212 718 4276 apparatu.
736 4208 804 4261 Tam
825 4206 964 4276 placabilis
985 4211 1011 4260 el
1031 4206 1141 4275 placens
1157 4205 1250 4273 lingua
1267 4206 1328 4273 ejus
1349 4213 1460 4278 tamquo

228 4306 307 4361 dulce
321 4307 434 4359 verbum
447 4311 505 4360 erat
516 4306 542 4359 in
552 4323 599 4360 ore
609 4307 701 4374 ipsius.
712 4312 741 4360 ut
753 4307 890 4375 mitigaret
901 4307 1061 4361 inimicoset
1070 4304 1263 4373 multiplicaret
1272 4307 1389 4361 amicos.

230 4514 282 4571 De
296 4509 488 4583 ungenda
502 4511 601 4572 olroe
614 4512 770 4572 novltloe
789 4514 827 4572 et
847 4509 1014 4570 wanda
1035 4509 1161 4581 mue
1180 4511 1462 4582 predicationis

273 4702 308 4760 7.
333 4701 462 4756 Dilatavit
479 4703 551 4756 enirn
570 4703 684 4772 gloriam
702 4704 876 4772 genuisses:
895 4718 958 4755 nani
977 4700 1036 4770 plus
1053 4718 1136 4771 quam
1155 4700 1229 4754 mille
1248 4701 1373 4757 valentes
1391 4704 1464 4759 viros
