3270 5400
337 338 533 395 temnitur.
551 337 727 393 antarta.
747 361 793 372 -
811 340 960 394 ΑΡΡΕΝΙ).
978 342 1025 394 AD
1041 341 1123 394 cot).
1141 335 1179 393 N⁰
1194 339 1317 393 taor-ra.
1398 322 1446 395 93

204 536 227 561 ·
245 546 351 594 narem;
363 531 556 586 mendicabam
573 535 601 585 et
612 529 722 584 scholas
733 529 951 599 frequentabam.
960 530 1111 585 Transacto
1123 530 1151 584 in
1164 547 1197 585 ea
1207 531 1319 586 miseria
1332 538 1360 587 et
1371 548 1446 587 men·

205 634 227 660 ⁸
245 629 352 684 dicitate
363 646 445 695 anno,
457 629 697 685 transfretantibus
709 628 875 694 Alemannis,
888 645 950 683 curn
960 628 1101 683 infortunii
1113 629 1169 683 mei
1180 647 1260 684 casus
1271 647 1334 685 cum
1345 647 1446 702 magno

208 732 228 756 ⁸
245 726 661 797 ejulatueisqnererer,qnidam
671 726 1444 796 nobilisdivesetpotens,misericordiamotus,incnram

209 832 228 855 ⁵
245 841 320 879 nram
331 842 377 880 me
388 826 548 897 suscipiens,
559 827 666 881 revexit
674 827 702 881 in
715 831 816 881 terram
828 826 980 881 nativitatis
991 844 1069 882 mere.

169 946 184 993 s
258 926 290 984 ὅ.
314 925 444 980 'Eodem
462 930 587 995 tempore
604 924 792 980 controversia
809 930 868 978 erat
885 925 957 979 inter
974 925 1044 979 duos
1055 925 1157 980 electos
1168 927 1344 982 Treverensis
1361 927 1447 983 eccle·

215 1029 232 1054 ⁸
247 1024 296 1085 sia,
307 1039 427 1093 quornm
445 1021 524 1076 alteri
540 1020 708 1092 apostolicus
724 1020 761 1088 (1)
778 1021 826 1091 qni
839 1026 902 1075 lunc
915 1022 1048 1090 temporis
1059 1022 1174 1075 Veronae
1192 1022 1359 1087 morabatur,
1368 1023 1447 1078 alteri

221 1129 235 1154 ⁸
253 1124 356 1178 fauebat
373 1121 579 1191 imperatorii).
591 1122 700 1176 Etcum
717 1126 833 1192 uterque
844 1120 995 1175 electorum
1012 1138 1069 1176 suae
1087 1122 1172 1191 partis
1183 1128 1306 1192 captaret
1322 1126 1446 1181 fauorem

223 1229 237 1253 ⁸
250 1228 273 1278 et
287 1223 431 1293 pontifices
454 1221 519 1277 hinc
536 1221 600 1275 inde
624 1220 714 1290 apices
731 1221 873 1275 mitterent
889 1226 917 1275 et
933 1220 1092 1290 reciperent,
1109 1221 1205 1291 legatis
1222 1223 1305 1277 etiam
1324 1223 1447 1293 pluribus

230 1327 240 1350 ¹
252 1322 335 1391 captis,
347 1321 425 1375 raesis
436 1325 465 1374 et
475 1319 607 1389 spoliatis,
616 1324 644 1373 et
657 1335 706 1389 per
714 1319 835 1389 compita
852 1319 959 1373 riarum
977 1319 1046 1373 iales
1054 1325 1164 1373 structae
1173 1321 1187 1352 t
1197 1326 1288 1375 essem
1299 1321 1404 1376 insidiae
1416 1327 1447 1377 ut
1469 1325 1547 1380 *eod
1556 1323 1620 1378 strio

194 1432 216 1481 n
232 1424 242 1447 ¹
253 1419 310 1475 nulli
317 1419 471 1488 legatorum
479 1418 571 1487 apices
587 1417 723 1486 bajulanti
734 1421 809 1472 tutus
821 1423 894 1472 esset
905 1417 1044 1482 transitus,
1056 1417 1233 1473 Colonienses
1245 1436 1306 1473 cnm
1318 1437 1368 1475 suo
1381 1438 1445 1490 prae·

237 1518 302 1574 'sule
313 1517 389 1573 alteri
407 1516 527 1586 partium
545 1516 750 1581 ferentes,cum
766 1533 831 1571 suas
848 1521 959 1586 propter
974 1517 1028 1570 hoc
1045 1515 1149 1571 litteras
1167 1518 1328 1572 destinaturi
1345 1525 1445 1585 essent,

240 1618 346 1688 ‘legatus
362 1632 446 1687 quem
465 1617 499 1670 ad
517 1617 570 1670 hoo
588 1616 755 1680 direxerunt,
771 1632 826 1680 me,
843 1619 939 1685 utpote
956 1616 1160 1671 adolescentem
1177 1617 1212 1671 ad
1232 1618 1286 1671 hoc
1306 1635 1376 1687 opus
1388 1619 1445 1674 ido·

244 1721 333 1783 ‘nrum
341 1732 422 1785 prece
430 1721 459 1771 et
467 1715 555 1785 pretio
568 1714 682 1778 induxit,
694 1720 725 1770 ut
737 1716 838 1785 scripta
849 1714 948 1769 baculo
960 1714 1065 1769 inclusa
1077 1732 1153 1769 more
1167 1715 1278 1770 viatoris
1290 1723 1444 1785 portarem:

246 1815 312 1885 'qnia
322 1817 347 1870 in
355 1814 446 1886 pedite
457 1815 549 1870 minor
565 1815 636 1869 foret
653 1819 719 1868 nota
736 1814 898 1883 suspicionis
915 1819 943 1868 et
954 1813 1059 1883 legatus
1070 1814 1174 1869 litteras
1191 1831 1247 1870 non
1259 1816 1349 1870 ferens
1361 1833 1445 1886 eques

216 1917 237 1966 tt
248 1913 368 1966 'mnsirct
378 1928 499 1966 securus.
512 1912 636 1980 Cumque
653 1910 804 1980 Cisalpinae
821 1917 912 1980 partes
923 1911 1050 1976 adissem,
1068 1912 1199 1981 perviam
1211 1913 1345 1982 gradiens,
1363 1914 1445 1970 incidi

167 2026 170 2059 r
249 2009 287 2063 ‘in
295 2010 378 2065 furem.
387 2010 438 2064 Cui
448 2009 552 2079 petenti
561 2014 592 2064 ut
601 2026 695 2064 comes
703 2009 808 2064 itineris
819 2009 873 2063 mei
884 2009 963 2072 foret,
972 2026 1034 2063 oum
1045 2009 1070 2063 ei
1080 2011 1290 2079 acquiescerem,
1303 2010 1443 2079 paululum

251 2109 390 2178 'messis
400 2126 465 2164 ecce
476 2114 539 2180 post
550 2115 624 2179 terga
634 2124 718 2164 sonus
728 2108 862 2178 excipitur
871 2109 1101 2178 persequentium.
1114 2110 1168 2163 Fur
1176 2126 1240 2179 ergo
1250 2109 1301 2163 sibi
1310 2111 1445 2175 conscius,

167 2214 173 2311 Ι
253 2207 353 2263 'acum
361 2225 444 2278 quem
453 2208 560 2262 ferebat
568 2225 629 2262 cum
641 2208 722 2261 rebus
732 2208 829 2263 furatis
838 2224 922 2277 penes
934 2223 979 2262 me
988 2209 1136 2278 deponens,
1146 2209 1218 2263 inter
1226 2209 1342 2263 frutecta
1351 2226 1444 2265 nemo·

167 2318 171 2379 t
253 2306 298 2360 'ris
306 2306 378 2362 donec
389 2313 577 2377 persecutores
586 2306 734 2361 transirent
742 2324 772 2361 se
784 2307 935 2362 abscondit.
947 2306 1115 2362 advolantes
1124 2307 1224 2377 itaque,
1235 2324 1289 2373 me,
1301 2314 1442 2379 tamquam

167 2398 174 2473 l
221 2403 243 2455 a
256 2402 338 2458 'burn
346 2406 528 2469 manifestum,
540 2405 814 2474 comprehenderunt.
826 2405 860 2459 Et
871 2404 935 2458 iicet
945 2404 1119 2467 inficiantem,
1128 2405 1224 2459 multis
1235 2405 1325 2474 flagris
1342 2421 1443 2461 cresum

167 2478 170 2583 j
256 2501 365 2559 'marm
382 2506 415 2559 ad
431 2504 564 2573 judicium
583 2508 774 2574 pertraxerunt
791 2509 818 2558 et
835 2521 883 2574 per
900 2504 1066 2559 senteutiam
1075 2505 1109 2557 ad
1123 2503 1209 2558 crucis
1221 2504 1384 2574 supplicium
1397 2506 1444 2560 da·

167 2590 170 2667 j
257 2600 413 2659 'nnarerunt
420 2605 473 2659 Sed
486 2604 551 2674 quia
560 2604 706 2674 prasentia
719 2603 812 2659 damni
825 2620 937 2658 omnem
948 2620 998 2673 pro
1007 2603 1165 2657 innocentia
1176 2620 1239 2657 mea
1250 2603 1442 2673 allegationem

167 2686 169 2753 ἰ
258 2698 342 2756 'nam
351 2704 466 2767 exclusit,
479 2708 507 2758 et
518 2719 582 2758 cum
599 2719 655 2757 non
672 2707 831 2772 suppeteret
848 2703 918 2757 mihi
935 2702 989 2756 nisi
1000 2701 1121 2771 laqueus,
1133 2702 1217 2772 petivi
1228 2703 1337 2772 copiam
1355 2720 1445 2759 sacer·

167 2770 172 2789 ’
259 2794 459 2856 ‘dotismihidari
469 2807 498 2855 et
506 2800 619 2855 concedi
629 2800 727 2854 horam
737 2799 894 2854 confitendi.

167 2896 171 2951 i
223 2888 248 2941 ὓ
287 2893 311 2951 b
328 2898 336 2921 ¹
347 2899 432 2955 lecito
441 2898 592 2962 sacerdote,
604 2898 670 2952 dum
682 2896 707 2951 ei
716 2914 775 2951 reru
787 2897 827 2952 nti
836 2901 911 2967 gesta
924 2902 982 2951 erat
993 2897 1089 2952 ordine
1101 2913 1263 2961 narrassem,
1273 2903 1301 2953 et
1312 2899 1335 2952 si
1347 2915 1445 2955 nemus

260 2989 395 3050 'ambiretur
412 2996 501 3051 furem
518 2995 593 3049 intus
610 2994 753 3064 repperiri;
771 2998 799 3048 et
816 2995 844 3049 in
862 2998 1053 3062 argumentum
1071 2993 1230 3048 assertionis
1245 3012 1314 3049 meae
1331 3012 1377 3050 me
1389 3013 1445 3051 non

261 3088 342 3148 ‘luen
355 3096 398 3150 sed
412 3094 567 3150 litterarum
584 3091 783 3163 pontificalium
800 3093 924 3161 bajulum
946 3109 1014 3155 esse,
1031 3093 1195 3148 arundinem
1219 3094 1247 3147 in
1270 3112 1325 3164 qua
1346 3095 1445 3150 clausa

167 3172 169 3185 Ι
261 3186 349 3246 ‘tuere
357 3195 514 3249 tenebantur
526 3192 713 3263 praetendere:
729 3192 843 3247 consilio
860 3192 1011 3247 sacerdotis
1022 3191 1158 3247 sententia
1175 3192 1359 3249 damnationis
1376 3211 1445 3250 meae

261 3285 269 3309 ¹
279 3298 376 3348 revonia
383 3299 421 3349 est
429 3314 435 3360 ;
444 3299 472 3349 et
481 3308 595 3348 nemore
604 3291 745 3357 militibus,
750 3291 874 3346 retibus*
881 3297 909 3346 et
918 3292 1032 3346 canibus
1043 3292 1211 3346 circumdato
1221 3292 1265 3346 fur
1273 3298 1315 3346 est
1324 3311 1445 3363 compre·

167 3384 173 3507 ἶ
224 3377 248 3428 ³⁰
261 3385 505 3449 ‘hensnaPrecincti
518 3392 610 3462 itaque
619 3392 653 3446 ad
660 3391 794 3459 indicium
804 3390 887 3445 ambo
896 3391 1069 3459 urgebamur,
1079 3392 1126 3445 sed
1137 3390 1181 3445 ille
1191 3391 1446 3461 ampliuscurnque

167 3596 169 3651 ξ
262 3584 307 3637 'nt
319 3590 447 3661 iaedpcm
462 3595 523 3646 aine
539 3593 620 3658 culpo
631 3592 765 3656 lacteum
775 3592 827 3657 jus
842 3592 962 3656 gentium
979 3592 1015 3644 rit
1026 3607 1079 3659 pro
1089 3592 1166 3656 furto
1183 3607 1238 3664 aron·
1249 3593 1380 3643 άιιηιηανί
1390 3595 1447 3645 arlef

167 3654 173 3745 Ι.
262 3680 333 3746 ‘funt
344 3689 453 3759 lqiufum
470 3692 510 3744 rel
526 3690 657 3757 abigeam.
679 3688 753 3743 Unde
765 3689 859 3757 potins
875 3688 950 3756 apud
965 3704 1042 3756 quem
1059 3704 1153 3741 soccus
1169 3705 1229 3741 cum
1246 3690 1326 3741 rebus
1340 3690 1446 3754 furatis

167 3764 169 3799 ⁵
262 3778 373 3851 ’Μαι
382 3799 417 3845 est
425 3808 508 3861 quam
517 3807 559 3843 me
566 3790 700 3842 damnare
707 3789 824 3853 debetf85
835 3794 867 3852 et,
876 3789 902 3840 rt
912 3804 966 3840 non
973 3788 1049 3852 anibi,
1061 3789 1154 3840 saltem
1162 3788 1206 3841 hie
1215 3790 1263 3855 qui
1272 3805 1313 3840 mc
1321 3796 1446 3855 ceperunt

167 3870 169 3943 J
223 3866 249 3919 π
262 3876 358 3953 'credite
367 3893 433 3944 adrat
443 3893 473 3944 fn
485 3907 526 3943 me
542 3890 617 3955 furti
633 3895 777 3956 repertam.
789 3916 821 3925 —
832 3887 869 3941 Aa
886 3903 940 3954 ego,
952 3886 1073 3954 inquam,
1090 3889 1192 3940 somam
1203 3893 1227 3940 te
1245 3889 1352 3941 itineris
1369 3889 1446 3942 inno·

167 3966 169 3981 Ι
262 3974 339 4035 'cram
351 3991 487 4043 credebam.
503 3989 537 4042 Iu
554 3988 673 4055 deposito
695 3988 767 4055 quod
790 3986 859 4038 mibi
881 3987 1023 4038 credidisti
1039 3987 1079 4038 nil
1096 3987 1163 4038 mati
1179 3988 1262 4039 latere
1278 3988 1446 4053 auspicabar.

262 4075 403 4149 ‘mnatre
418 4098 496 4143 taam
513 4088 564 4141 tibi
580 4088 664 4141 reddo
669 4105 681 4153 ;
692 4095 716 4141 et
730 4103 794 4140 cero
811 4102 853 4139 me
864 4102 992 4151 samm,
1009 4103 1069 4139 eum
1086 4089 1136 4154 qui
1150 4103 1197 4139 nac
1207 4087 1272 4153 solta·
1288 4105 1335 4141 nec
1349 4090 1447 4155 saltere

262 4171 347 4249 ‘ml
359 4187 438 4242 Deum
454 4194 545 4242 testor.
563 4185 600 4239 tt
611 4184 655 4239 fur
668 4188 780 4239 contra:
794 4185 953 4248 Voconius,
965 4201 1016 4237 aaa
1031 4185 1144 4237 nullr'us.
1162 4186 1236 4238 Idem
1253 4193 1361 4240 artaret
1372 4191 1446 4243 testis

167 4334 169 4341 ,
263 4270 450 4355 ‘Mucaporem
462 4287 518 4339 Rea
528 4286 636 4351 furtiva
645 4300 725 4353 panea
736 4291 760 4337 tc
772 4290 880 4352 reperto
891 4285 1057 4336 eat:err'meo
1068 4290 1093 4335 te
1104 4300 1159 4336 esse
1166 4284 1307 4352 perbibet*
1320 4287 1446 4351 infitiari.

167 4362 169 4367 ¹
224 4356 369 4443 wittani,
383 4397 429 4435 nec
447 4380 522 4434 enim
540 4379 616 4450 potui
633 4378 796 4433 convincere
814 4377 947 4432 fraudem.
965 4377 1042 4431 Tunc
1054 4377 1186 4431 accedens
1203 4379 1350 4448 presbyter,
1367 4397 1446 4436 meus

262 4592 406 4750 ¹¹gljllcrnpe
417 4611 543 4680 designat
554 4608 668 4664 Lucium
682 4607 727 4661 lll.
741 4607 827 4673 -..·(g)
844 4605 977 4660 Nimirum
996 4605 1148 4659 Fridericns
1160 4606 1171 4659 1
1184 4581 1351 4661 Barbarossa
1362 4609 1447 4673 (msa-

167 3518 170 3585 ,
262 3484 473 3548 'domandum
485 3492 591 3546 emman
603 3490 768 3545 cruciatibus
778 3494 959 3559 torqueretur,
968 3490 1007 3543 sic
1016 3490 1069 3544 nit:
1082 3492 1283 3545 intolerabilis*
1293 3493 1362 3545 mibi
1369 3495 1446 3546 dolor
1543 3530 1549 3543 .
1563 3490 1569 3503 '

1530 4277 1545 4308 ⁴
1551 4294 1607 4347 pro

1495 4344 1622 4412 prohibet
1634 4351 1635 4354 ’
