3270 5400
195 309 244 384 82
531 330 660 384 carm.
684 331 790 384 cono.
815 330 1096 384 moroonaemc.

195 523 323 589 ternpore
335 517 475 589 languens,
488 520 621 574 membris
631 520 760 595 omnibus
770 520 898 574 arefactis
909 521 1056 590 uersisque
1067 526 1177 575 artuum
1189 519 1348 582 contractis,
1356 520 1427 588 jaee-

194 617 244 671 bat
262 616 382 671 mirabili
400 618 489 672 macie
497 623 581 687 atque
592 618 695 687 pallido
707 635 822 688 corpore
833 619 984 673 semiriius
994 620 1023 673 iu
1034 619 1127 673 domo.
1136 618 1208 687 Quid
1219 618 1311 672 diuam
1323 618 1359 672 de
1369 619 1427 683 isto.

195 715 243 784 qui
254 731 305 770 uec
317 716 432 770 omnino
443 733 554 785 surgere
566 732 600 770 ex
618 716 719 770 lectulo
731 733 782 770 nec
793 716 899 770 revolvi
916 717 1027 771 inlatus
1037 718 1113 772 aliud
1130 718 1189 772 sine
1200 716 1316 771 alterius
1331 717 1427 770 ammi·

195 814 287 868 niculo
300 814 419 883 quibat?
439 815 513 869 Peue
534 816 658 870 omnium
677 816 866 870 membrorum
883 815 1063 871 dissolutione
1079 833 1112 870 ac
1128 816 1152 870 si
1169 820 1297 870 mortuus
1311 816 1427 884 jacebat

196 913 274 967 Tune
286 913 380 981 itaque
392 914 420 968 iu
429 931 485 968 una
494 914 609 980 dierum,
618 915 692 968 male
703 915 856 983 quiescens,
868 915 956 969 visum
969 921 1011 969 est
1027 916 1053 969 ei
1064 916 1139 985 quod
1151 915 1164 949 ¹
1174 931 1205 969 se
1215 914 1288 969 terre
1304 920 1427 984 posceret

195 1013 232 1066 ad
247 1012 413 1067 sanctissimi
430 1014 543 1082 Sulpicii
562 1014 726 1083 sepulcrum.
738 1015 820 1067 corde
838 1015 952 1068 credens
968 1015 1043 1084 quod
1062 1015 1100 1068 ibi
1115 1019 1209 1084 posset
1227 1013 1352 1082 recipere
1363 1012 1427 1068 iute-

194 1127 271 1180 gram
283 1111 439 1166 sanitatem.
452 1112 564 1165 Delatus
575 1118 667 1166 autem
681 1112 715 1165 ad
728 1112 801 1166 beati
814 1113 865 1166 riri
883 1113 1029 1178 tumulum,
1040 1113 1133 1182 ibique
1144 1112 1296 1182 aliquantis
1307 1129 1427 1167 commo·

195 1215 270 1263 ratus
290 1210 317 1263 in
338 1212 463 1265 oratione
487 1212 635 1279 persistens
658 1212 757 1266 diebus
779 1228 810 1265 ac
834 1212 970 1275 noctibus,
993 1229 1057 1266 cum
1080 1212 1173 1266 nimiis
1197 1212 1317 1279 fletibus,
1337 1214 1370 1266 ut
1391 1211 1427 1265 illi

194 1310 371 1377 congruebat,
379 1311 429 1364 Dei
438 1309 655 1364 misericordiam
665 1316 748 1379 atque
757 1311 845 1364 sancti
854 1311 1020 1365 confessoris
1031 1312 1165 1365 auxilium
1175 1310 1427 1380 fideliterdepreoa·

193 1408 276 1462 batur
287 1409 307 1463 4.
319 1409 356 1463 Ut
365 1426 429 1478 ergo
442 1409 480 1463 ait
492 1409 593 1463 Christi
602 1426 710 1463 sermo:
722 1412 838 1476 Querar
848 1419 872 1463 et
885 1413 1033 1473 invenietis,
1041 1413 1152 1479 pulsate
1160 1419 1184 1463 et
1195 1413 1339 1478 operiuur
1349 1413 1427 1477 vobis,

193 1507 299 1561 tamdiu
309 1508 388 1575 petiit
400 1524 545 1577 quousque
556 1508 631 1577 quod
650 1508 763 1577 optabat
774 1509 786 1542 ⁴
798 1509 912 1577 adipisci
924 1511 1084 1577 promeruit
1096 1508 1215 1578 Accepta
1224 1509 1384 1578 ¹‘siquidem
1395 1526 1427 1563 er

193 1604 298 1675 integro
311 1606 386 1661 omui
403 1607 530 1670 sanitate,
539 1606 588 1660 Dei
606 1605 759 1660 clementiae
776 1607 788 1642 4
805 1612 956 1676 sanctoque
972 1608 1131 1676 gratiarum
1141 1609 1264 1661 actiones
1281 1624 1317 1662 ex
1334 1608 1427 1663 animo

193 1721 285 1773 agens.
297 1705 380 1759 rediit
396 1706 515 1775 propriis
534 1705 651 1774 pedibus
662 1706 777 1759 domum
790 1706 837 1775 qui
854 1706 952 1760 alienis
971 1707 1072 1760 allatus
1088 1711 1130 1760 est
1141 1706 1176 1759 ad
1188 1722 1262 1775 saepe
1274 1706 1386 1761 dicendi
1396 1724 1427 1762 ac

194 1804 343 1857 venerandi
355 1804 468 1872 Sulpicii
481 1804 642 1858 oratorium.

236 1901 292 1958 14.
316 1902 410 1955 Abbas
429 1919 550 1972 namque
568 1903 705 1971 praelatus,
723 1903 890 1964 Dominicus.
908 1919 971 1956 cum
989 1903 1046 1956 suis
1063 1903 1208 1957 monachis
1226 1902 1254 1956 in
1272 1908 1427 1958 memorata

192 2000 266 2054 beati
278 2000 392 2069 Sulpicii
412 2000 533 2069 episcopi
553 2000 666 2054 basilica
687 1999 732 2052 die
751 2006 891 2069 noctuque
911 2000 1117 2069 omnipotenti¹
1138 2001 1196 2054 Deo
1217 2000 1245 2053 in
1267 1988 1383 2068 mulmis
1401 2006 1427 2055 et

192 2098 303 2168 hymnis
315 2099 484 2168 canticisque
493 2098 680 2169 spiritualibus
689 2099 855 2163 serviebant,
865 2099 974 2154 diuersa
982 2104 1094 2169 agentes
1101 2099 1217 2153 aedilicia
1226 2099 1299 2153 inira
1311 2105 1340 2154 et
1351 2105 1427 2154 extra

191 2198 400 2261 monasterium,
412 2198 447 2252 ad
460 2198 657 2252 confluentium
671 2198 836 2268 populorum
850 2198 1020 2267 receptiones
1030 2198 1116 2252 utilia
1128 2198 1217 2252 Tanta
1228 2204 1324 2253 autern
1337 2200 1427 2253 multi·

191 2297 259 2351 tudo
271 2297 417 2351 hominum
436 2297 500 2351 illuc
518 2298 656 2351 confluere
667 2297 783 2357 solebat.
803 2302 834 2351 ut
851 2297 945 2351 multae
965 2297 1065 2352 domus
1076 2314 1139 2351 earn
1150 2314 1250 2366 capere
1263 2298 1427 2366 nequirent;

191 2396 352 2449 atestensis
370 2396 441 2450 circa
462 2396 588 2450 tentoriis
607 2397 771 2450 habitabant
791 2396 819 2449 in
839 2396 887 2450 eis.
907 2395 1010 2450 Omnes
1022 2413 1086 2465 ergo
1107 2413 1170 2450 cum
1183 2397 1237 2450 ilde
1249 2402 1328 2450 recta
1337 2398 1426 2451 sandi

190 2494 323 2549 auxilium
337 2501 499 2564 quarentes,
511 2500 621 2564 recepta
630 2496 745 2565 pristina
753 2495 871 2549 sanitate
880 2495 892 2529 ¹
900 2495 1016 2549 redeunt
1024 2496 1059 2548 ad
1068 2496 1178 2565 propria
1187 2495 1301 2549 alacres.

234 2592 290 2651 15.
314 2592 451 2647 Praeterea
471 2609 646 2662 nequaquam
665 2609 727 2647 reor
747 2592 856 2646 silentio
875 2593 884 2626 ¹
902 2593 1049 2660 tegendum
1068 2593 1141 2661 quod
1160 2593 1188 2646 in
1208 2591 1340 2662 lampade
1362 2598 1426 2647 ante

190 2691 263 2745 lenti
280 2690 447 2745 confessoris
458 2690 470 2724 ¹
481 2690 636 2759 sepulcrum
653 2690 665 2725 4
682 2689 818 2759 pendente
835 2693 927 2743 actum
945 2693 988 2742 est
1003 2688 1121 2757 signum.
1138 2688 1287 2743 Deficiente
1304 2705 1425 2759 namque

189 2791 308 2859 quodam
324 2796 449 2858 tempore
459 2805 492 2842 ex
505 2805 539 2842 ea
549 2789 561 2822 4
573 2788 643 2851 oleo,
659 2792 751 2841 custos
769 2787 897 2852 ecclesie,
906 2793 1010 2842 terrore
1028 2788 1224 2856 perturbatus¹
1240 2804 1425 2857 magno,ea1u

190 2889 304 2959 replevit
315 2904 379 2943 cera
392 2908 398 2942 :
411 2904 466 2957 quo
480 2888 560 2951 tacto,
572 2904 653 2941 versa
663 2892 705 2941 est
717 2887 847 2940 divinitus
859 2885 887 2940 in
898 2886 1025 2940 mirabile
1038 2887 1139 2940 oleum.
1151 2886 1267 2956 Repleta
1279 2903 1347 2941 vero
1359 2886 1425 2941 lam·

190 2989 261 3058 pade
278 2988 403 3056 margine
421 2992 509 3051 tenus,
520 3003 643 3041 crescere
660 2986 743 3054 coepit
758 2985 840 3039 altius
856 3002 889 3040 ac
906 3002 985 3039 ruere
1003 2990 1075 3039 terra
1093 2991 1180 3039 tenus.
1192 2985 1290 3039 blitum
1305 2986 1382 3042 dictu
1398 2991 1425 3040 et

189 3086 315 3141 mirabile
325 3086 386 3140 visu
398 3106 407 3138 :
419 3101 452 3139 ex
465 3086 525 3154 ipso
537 3084 644 3154 liquore
656 3084 736 3138 multi
746 3085 758 3119 4
769 3084 872 3138 debiles
882 3083 952 3138 liniti
965 3084 984 3148 ¹,
997 3083 1122 3152 protinus
1134 3083 1198 3137 lacti
1210 3090 1275 3138 sunt
1286 3085 1356 3139 sani.
1365 3085 1424 3139 Tua

188 3189 262 3247 sunt,
275 3183 392 3247 Christe,
404 3183 464 3236 lraec
473 3182 617 3246 mirabilia,
627 3182 674 3251 qui
686 3181 779 3235 dixisti
789 3181 843 3235 tuis
854 3180 981 3235 fidelibus
991 3201 997 3234 ι
1006 3182 1071 3235 Sine
1080 3199 1121 3234 me
1130 3183 1200 3234 nihil
1205 3185 1320 3249 potestis
1326 3184 1423 3249 fucere.

189 3282 242 3350 Qui
254 3283 328 3335 enim
349 3282 377 3335 in
395 3281 468 3335 Cana
487 3280 604 3334 Galilaea
622 3281 656 3334 de
674 3296 746 3349 aqua
763 3280 852 3333 fecisti
864 3281 968 3343 vinum,
980 3284 1010 3334 tu
1027 3296 1146 3348 quoque,
1166 3279 1199 3332 ud
1221 3281 1422 3335 ostendendum

189 3381 297 3451 populis
307 3381 346 3435 tui
359 3382 431 3435 servi
444 3379 581 3439 meritum.
594 3380 628 3433 de
636 3396 698 3433 cera
711 3379 800 3433 iacere
813 3379 938 3448 dignatus
950 3395 980 3431 es
989 3379 1001 3413 4
1009 3378 1109 3432 oleum.

233 3480 288 3539 16.
312 3478 454 3533 Prolixum
467 3480 509 3530 est
521 3476 602 3545 igitur
614 3476 708 3530 omnia
719 3474 781 3529 stilo
793 3490 906 3528 exarare
919 3491 980 3543 quse
992 3473 1180 3527 sanctissimus
1191 3475 1318 3543 pontifex
1335 3477 1422 3547 Sulpi·

189 3579 247 3634 cius
265 3578 293 3633 in
305 3579 358 3631 hac
372 3575 467 3629 vivens
480 3572 550 3626 valle
561 3572 736 3626 lacrimarum
749 3569 894 3634 mirabilia,
903 3569 961 3622 Deo
973 3574 1112 3638 operante.
1125 3571 1255 3635 exercuit,
1271 3573 1422 3640 praesertim

189 3695 252 3733 cum
264 3694 315 3732 sua
328 3675 400 3729 sicut
411 3673 457 3727 alii
475 3670 563 3725 sancti
575 3670 700 3724 occulere
712 3670 799 3723 voluit
816 3668 998 3733 iactavimus
1017 3668 1082 3721 totis
1100 3668 1203 3722 viribus
1223 3669 1232 3703 ¹
1251 3670 1399 3726 hominurn
1411 3672 1422 3706 4

189 3776 305 3832 lavorcs.
318 3774 384 3828 Post
395 3772 455 3840 ejus
466 3774 560 3824 autem
572 3784 605 3822 ex
622 3768 676 3821 hac
694 3767 750 3821 vita
766 3764 915 3834 gloriosum
934 3765 1109 3819 discessum⁸
1126 3769 1203 3819 tanta
1219 3782 1252 3819 ac
1268 3767 1335 3821 talia
1352 3767 1422 3822 liunt

188 3891 253 3944 erpa
264 3871 463 3943 pretiosissima
475 3870 535 3938 eius
546 3867 660 3938 pignora
671 3867 749 3935 signa
758 3869 785 3918 et
794 3864 925 3934 prodigia,
934 3868 1037 3933 quanta
1047 3879 1130 3917 nemo
1139 3864 1318 3932 prudentium
1327 3867 1423 3921 auditu

188 3973 327 4043 percipere
338 3972 351 4005 4
363 3969 436 4025 valet
448 3985 497 4022 nec
509 3966 611 4034 scripto
624 3965 740 4032 posteris
757 3963 920 4032 relinquere,
937 3966 968 4016 ut
979 3967 1105 4016 sanctum
1118 3978 1152 4015 ex
1168 3967 1227 4016 toto
1239 3963 1328 4019 decet.
1345 3965 1422 4032 Quis·

188 4070 251 4142 quis
262 4086 326 4139 ergo
339 4069 374 4123 ad
386 4068 470 4136 hujus
479 4066 593 4120 veniens
601 4063 688 4117 sancti
697 4062 835 4117 tumulum
844 4059 1017 4116 haesitatione
1027 4061 1104 4115 omni
1113 4061 1273 4130 postposita,
1282 4065 1422 4133 extemplo

189 4328 219 4337 -
232 4300 243 4333 ¹
255 4315 319 4367 quo.
333 4330 363 4338 -
375 4298 387 4332 4
400 4296 571 4366 precabatur.
586 4321 613 4331 -
626 4294 638 4327 4
650 4291 765 4361 optavit.
775 4321 807 4329 -
819 4291 831 4325 4
843 4294 965 4358 accepto.
976 4318 1008 4327 -
1017 4289 1029 4323 4
1038 4289 1221 4344 clementiam.

221 4379 295 4434 lium.
305 4379 344 4433 14.
357 4410 388 4417 —
403 4379 411 4413 ¹
424 4377 621 4446 omnipotente.
631 4403 662 4413 -
672 4374 684 4408 ¹
696 4376 732 4442 (p.
744 4374 777 4440 S.)
788 4389 809 4426 s.
818 4390 843 4441 p.

219 4460 293 4516 llum
306 4461 345 4515 ld.
359 4491 389 4499 -
403 4462 412 4496 ¹
425 4476 484 4514 esse
496 4461 601 4512 add·
611 4458 622 4490 ¹
632 4457 669 4524 (b.
679 4455 712 4521 c.)
722 4473 744 4510 c.
754 4455 849 4513 saneti.
859 4482 892 4494 —
901 4455 913 4488 4
922 4453 1068 4508 tumulum.
1077 4453 1181 4507 -‘eo.
1193 4484 1223 4493 -
1232 4454 1423 4525 ¹perterritns.

186 4573 219 4584 -
230 4545 242 4580 4
254 4562 304 4599 om.
317 4572 348 4583 -
363 4543 375 4577 ¹
387 4542 501 4596 deliniti.
510 4570 542 4578 -
554 4541 566 4574 4
577 4539 607 4601 (l.
616 4539 643 4592 d.
652 4539 686 4605 e.)
698 4539 723 4593 d.
733 4555 755 4593 e.
765 4539 784 4593 t.

219 4625 293 4682 llum
306 4625 345 4681 16.
359 4655 391 4664 -
404 4625 414 4659 ¹
426 4625 462 4691 (v.
472 4629 490 4679 t.
501 4623 537 4689 v.)
550 4627 568 4676 t
581 4621 630 4676 vir.
642 4637 666 4675 v.
676 4653 707 4661 —
718 4622 730 4656 ¹
741 4621 845 4691 populi.
854 4620 907 4659 -4
919 4635 1071 4674 excessum.
1080 4647 1112 4659 -
1121 4619 1134 4654 4
1144 4620 1323 4689 perpendere.
