3270 5400
366 381 460 433 arna.
477 380 559 434 nno.
578 381 751 434 nnuman.
770 403 816 413 -
834 382 983 435 resena.
1001 383 1048 435 nn
1065 383 1144 434 con.
1163 373 1202 433 n⁰
1220 382 1344 435 vaca-re.
1403 360 1468 434 tlt

236 572 478 625 cenomania-
488 571 812 640 ch,aitpuella‚utinum
819 571 1474 640 umpuumfieripossct,utoelannetoaobtenvibi

234 670 350 722 verbum
361 670 460 724 boucam
471 679 496 724 et
512 688 593 725 suone
599 676 770 740 proveniret!
781 671 848 739 Qua
860 670 899 725 ait
915 672 955 726 ei:
968 673 1014 726 Ea
1029 674 1163 740 preludio
1175 674 1247 740 quod
1257 673 1336 724 bodie
1346 671 1431 723 habui
1441 672 1474 723 de

234 778 270 836 te,
282 786 324 823 me
335 771 400 823 oette
410 771 461 823 tibi
477 771 576 824 bortum
592 773 799 836 eomectoberis;
813 773 886 839 quod
902 778 931 824 ut
948 773 1074 825 audieris
1090 772 1338 837 conjocundoberis.
1357 771 1474 823 Domino

235 886 357 936 musque
368 871 420 935 illi,
432 872 547 938 perijum
555 873 642 938 poulo
650 872 784 932 absmoit,
796 878 911 938 superte
921 872 1047 924 obstricto
1059 888 1121 924 sum
1134 878 1158 923 et
1170 878 1303 934 conuento,
1315 877 1345 922 ut
1356 871 1415 922 viro
1424 884 1473 922 suo

200 974 216 1022 5
234 970 323 1021 militi
333 970 385 1021 tibi
395 971 554 1036 consedenti,
566 977 591 1023 te
602 973 632 1023 iu
643 973 798 1037 coujupium
809 973 877 1024 dure
888 972 1085 1038 spoponderim.
1099 971 1163 1024 Dies
1180 972 1295 1038 deniqne
1311 972 1473 1036 stantarum

233 1076 352 1120 tuorum
357 1070 474 1136 profixo
481 1077 527 1123 eet.
536 1070 589 1122 Seu
597 1078 621 1123 et
627 1078 656 1122 tu
664 1071 726 1124 move
737 1088 810 1123 nunc
816 1072 1021 1138 secerispuonto
1030 1079 1053 1122 te
1063 1071 1201 1123 honestius
1210 1072 1336 1122 tenueris.
1344 1070 1474 1135 Eposorte

230 1183 375 1234 proposse
384 1184 441 1221 meo
449 1176 473 1221 te
482 1171 715 1236 amminiculabor,
725 1178 755 1222 tu
767 1186 827 1223 uero
840 1171 979 1238 inquibus
996 1171 1065 1238 quid
1076 1171 1135 1236 spei
1151 1171 1301 1237 aliquando
1317 1186 1474 1236 susceperas

235 1282 311 1319 nune
328 1269 453 1335 experiri
462 1275 593 1335 oportune
601 1270 769 1335 protodobor.
782 1268 848 1336 Quae
871 1268 1008 1321 sciscitata
1025 1267 1097 1322 diem
1118 1268 1275 1336 nuptiarum
1288 1268 1473 1332 constitutam,

234 1380 302 1417 cum
310 1364 475 1429 rescivisset,
482 1366 579 1420 natale
586 1367 651 1436 quid
660 1367 730 1421 dese
739 1367 817 1421 fleret
825 1367 926 1421 obnixe
935 1367 1114 1435 supplicabat.
1125 1368 1158 1421 Et
1166 1367 1230 1435 quin
1241 1368 1313 1435 apud
1321 1368 1335 1398 *
1343 1384 1404 1421 earn
1411 1384 1473 1435 sup·

191 1467 219 1515 tt
236 1462 350 1531 plicatio
362 1464 476 1533 virginis
488 1466 516 1519 in
528 1467 581 1520 hac
592 1484 675 1521 cansa
687 1468 765 1522 nihili
777 1470 956 1537 pendebatur,
975 1469 1084 1521 Christo
1101 1468 1227 1529 Domino,
1247 1467 1350 1520 coelesti
1362 1483 1473 1535 sponso,

236 1560 357 1628 jejuniis,
365 1562 473 1632 vigiliis,
484 1565 664 1632 orationibus,
674 1566 850 1620 lacrimarum
859 1567 1006 1636 gemitibus
1019 1566 1199 1620 devotissime
1209 1565 1313 1629 institit,
1323 1566 1473 1634 multisque

239 1660 331 1714 modis
339 1660 486 1716 elaborans
497 1663 624 1728 obtinuit,
632 1665 713 1718 utdie
723 1669 862 1727 ernnotata,
874 1681 938 1718 cum
951 1666 996 1719 itte
1008 1669 1171 1732 accepturus
1181 1681 1241 1717 eam
1253 1664 1417 1727 advenisset,
1426 1663 1473 1717 itta

242 1763 317 1811 trans
336 1759 467 1814 lectulum
487 1778 569 1816 suum
588 1778 667 1816 versa
678 1763 852 1832 lacrimisque
873 1765 1004 1818 uberibus
1025 1779 1135 1832 aspersa
1155 1763 1246 1816 obisse
1267 1763 1294 1816 in
1312 1762 1420 1816 Christo
1438 1763 1474 1816 sit

245 1863 357 1924 reperta.
368 1858 412 1912 Sic
423 1875 465 1924 ea,
477 1860 512 1913 de
527 1860 654 1930 conjugio
673 1862 794 1915 terrestri
806 1878 854 1930 per
870 1863 920 1915 Dei
932 1863 1138 1916 miserationem
1152 1861 1286 1923 absoluta,
1298 1861 1371 1929 apud
1381 1858 1473 1912 Domi·

209 1960 234 2007 u
248 1971 308 2010 num
321 1959 488 2015 salvatorem
499 1962 702 2031 magnificentia
711 1963 813 2015 coelesti
826 1962 853 2016 in
865 1964 951 2017 choro
963 1968 1120 2016 sanctarum
1138 1962 1271 2030 virginum
1284 1967 1324 2014 cst
1333 1961 1474 2014 adornata.

286 2054 319 2112 ³.
332 2058 454 2113 Domnas
466 2075 586 2127 namque
598 2059 694 2113 Petrus
703 2060 756 2113 hoc
766 2059 800 2112 de
810 2061 868 2129 ipsa
877 2061 1065 2123 attestabatur,
1077 2060 1152 2128 quod
1165 2059 1281 2128 idipsum
1293 2059 1474 2112 referentibus

255 2154 343 2207 mactis
356 2155 487 2224 apostolis
497 2156 602 2210 Jacobo
614 2162 642 2211 et
653 2158 779 2211 Johanne
791 2136 923 2212 audisset:
930 2158 1066 2225 Tempore
1079 2163 1173 2210 autem
1188 2157 1296 2209 dornncc
1307 2157 1395 2224 Gepae,
1408 2158 1473 2211 dum

258 2250 398 2319 ipsavalida
415 2255 576 2309 infirmitate
590 2255 710 2325 impacta
725 2256 918 2310 nonnullorum
932 2262 1090 2309 sanctorum
1107 2255 1257 2324 patrocinia
1268 2272 1345 2309 casso
1359 2256 1474 2309 obtentu
1496 2272 1500 2279 ·

262 2350 394 2417 expetisset,
405 2351 496 2421 primo
506 2357 537 2407 ut
545 2353 616 2406 hanc
628 2359 749 2408 sanctam
762 2353 939 2421 compellavit
947 2353 1057 2407 sanitati
1069 2353 1176 2407 restitui
1187 2353 1275 2422 acepit.

229 2447 254 2498 to
295 2446 325 2502 4.
343 2449 473 2504 Sacerdos
490 2467 555 2503 vero
576 2453 772 2520 perrochianus
792 2450 912 2506 ecclesiae
932 2451 1100 2515 Aroldensis,
1117 2455 1274 2504 antecessor
1286 2450 1381 2503 domni
1393 2450 1473 2503 Adel·

269 2541 365 2608 belnrnri,
385 2546 451 2599 dum
473 2545 559 2600 invisa
582 2545 635 2599 sibi
654 2552 746 2600 essent
765 2547 842 2615 signa
861 2563 923 2615 quae
946 2547 1113 2615 operabatur
1136 2546 1271 2600 Dominus
1295 2546 1403 2600 assidue
1426 2561 1474 2614 per

272 2640 375 2696 tenutam
390 2661 468 2698 suam
486 2644 647 2713 Egburgem,
665 2645 734 2699 duos
753 2661 787 2698 ex
807 2645 987 2714 complicibus
1008 2646 1064 2699 suis
1086 2651 1113 2698 et
1135 2645 1351 2699 contestantibus
1373 2645 1400 2698 in
1420 2644 1473 2698 hoc

275 2737 347 2805 allexit,
354 2744 478 2813 quatinus
487 2759 608 2797 errorem
621 2743 825 2807 incredulitatis,
834 2745 912 2813 signa
924 2744 996 2797 facta
1007 2744 1034 2796 in
1053 2743 1136 2797 aliurn
1149 2760 1259 2796 sensum
1270 2742 1472 2801 transferentes,

276 2837 449 2896 dvenientibus
461 2842 665 2912 exprobrarent.
677 2843 755 2897 Unde
774 2843 867 2896 oblata
884 2859 1000 2912 quasque
1012 2843 1226 2904 execrabantur;
1243 2841 1362 2894 damoni
1380 2856 1472 2893 conse·

241 2934 266 2985 Β
278 2940 388 2992 tuaene
397 2940 433 2993 ab
442 2940 509 3008 ipsis
517 2940 719 3002 referebantur;
731 2940 849 3008 sepulcri
864 2940 1094 3009 compositionem
1106 2939 1284 3005 disjecerunt;
1303 2938 1395 2991 oblata
1410 2954 1472 3007 pro·

278 3030 378 3100 boemnh
392 3057 441 3109 pro
459 3039 586 3093 idolatria
602 3040 732 3093 universa
750 3044 911 3102 tenuerant;
932 3039 1046 3093 canibus
1068 3038 1166 3091 exinde
1188 3054 1273 3105 panes
1290 3038 1472 3106 praetruerunt,

280 3143 329 3194 qvos
336 3134 366 3189 illi
373 3137 430 3191 acsi
440 3137 544 3191 ferram
556 3138 676 3191 candens
685 3137 888 3195 devitaverunt:
898 3138 972 3206 quod
983 3136 1020 3190 illi
1031 3153 1063 3189 ex
1074 3136 1209 3188 maleficio
1220 3136 1321 3189 diaboti
1331 3136 1472 3204 obtingere

280 3225 378 3288 beant.
388 3236 632 3291 Cancellostamen
650 3237 697 3306 qui
714 3238 787 3291 circa
803 3236 959 3305 sepulcrum
972 3241 1058 3295 erant,
1076 3235 1112 3287 oh
1129 3235 1256 3288 timorem
1270 3235 1378 3287 domna,
1390 3234 1471 3302 Gepae

281 3327 442 3389 annuimus
453 3335 665 3404 presumebant,
675 3335 739 3404 quia
752 3335 794 3402 (ut
803 3335 911 3397 dicitur)
925 3335 984 3403 ipsa
993 3350 1041 3387 eos
1053 3332 1160 3401 disponi
1171 3331 1320 3393 constituit,
1330 3331 1366 3383 ob
1375 3331 1470 3383 suffra-

245 3420 333 3487 ³⁰tl¹¹ffl
342 3432 402 3498 qvod
417 3432 476 3503 ipsa
487 3438 582 3487 sancta
594 3434 669 3504 virgo
688 3434 724 3488 illi
744 3433 868 3488 contulit.
881 3433 934 3486 Sed
952 3433 1087 3487 Dominus
1104 3432 1182 3485 tosus
1200 3430 1324 3484 Christus
1341 3445 1469 3497 sponsam

282 3532 457 3589 nemsanctam
467 3533 628 3601 Egburgem,
641 3549 697 3587 non
707 3533 746 3586 sic
760 3533 936 3586 dehonestari
948 3533 1060 3599 impune
1071 3531 1146 3593 tulit;
1160 3530 1215 3591 scd,
1228 3529 1359 3582 malitiam
1374 3544 1468 3581 eorum

283 3611 467 3690 barateorum
481 3631 607 3694 reddens,
624 3630 693 3683 daos
706 3646 738 3684 ex
751 3629 798 3694 eis,
816 3629 944 3683 videlicet
954 3628 1126 3681 sacerdotem
1140 3632 1167 3679 et
1184 3626 1301 3679 alterurn
1322 3643 1336 3677 e
1355 3625 1471 3687 duobus,

284 3713 392 3780 miterebiti
407 3735 495 3782 morte
512 3729 546 3782 de
563 3730 616 3782 hac
633 3730 690 3783 vita
706 3728 820 3791 exemit,
832 3728 945 3782 tertium
964 3743 1028 3780 vero
1047 3727 1160 3780 morbus
1178 3724 1350 3787 elefantinus‚
1363 3724 1470 3777 duobus

284 3808 412 3880 breviorem
430 3833 457 3882 et
471 3829 529 3895 jam
542 3828 701 3896 poenitentia
713 3828 834 3890 ductum,
852 3827 959 3880 invasit.
977 3826 1089 3879 Diutina
1106 3824 1224 3892 denique
1242 3823 1376 3877 elefantiae
1394 3827 1470 3890 peste

173 3916 180 3971 ζ·
247 3910 272 3960 3
284 3908 425 3988 deltrabatur:
443 3928 501 3990 sed,
518 3927 687 3996 paenitudine
707 3932 735 3980 et
753 3926 940 3980 satisfactione
957 3931 1103 3985 correctus.
1124 3925 1270 3978 sanitatem
1292 3920 1470 3991 recuperavit,

173 4002 175 4011 Ι
284 4008 439 4085 ῃίὴῦβήεῑὶῃω
456 4026 676 4082 ἰηοοΙιιιῐιίὶαῑίε*
688 4032 786 4096 praeter
798 4026 954 4080 cicatricum
967 4025 1043 4095 signa
1055 4026 1091 4078 ob
1103 4025 1268 4079 evidentiam
1282 4024 1387 4091 adeptae
1399 4020 1470 4074 sani-

284 4110 330 4165 “¹5⁸
337 4128 486 4182 remanentia
497 4127 525 4182 in
543 4144 573 4181 se
590 4128 743 4181 continens.
756 4127 874 4180 Causam
883 4102 976 4179 autem
989 4126 1060 4178 hanc
1072 4142 1128 4178 non
1146 4124 1260 4179 dixerim
1275 4124 1348 4177 aliud
1360 4126 1470 4191 proten·

173 4272 181 4307 L
285 4203 330 4262 dere
342 4217 382 4274 nisi
397 4225 447 4281 hoc
466 4227 541 4296 quod
568 4226 595 4280 in
615 4225 757 4281 Salvatore
783 4230 876 4279 nostro
904 4225 1042 4292 praefulsit
1064 4224 1118 4292 qni,
1139 4240 1282 4291 resurgens
1306 4240 1320 4275 n
1345 4220 1470 4282 mortale,

285 4298 387 4370 cicatrices
399 4322 542 4376 vulnerum
559 4339 673 4377 suorum
687 4339 742 4377 non
760 4326 891 4385 sanasset,
909 4327 939 4374 ut
956 4322 1145 4374 dubitantibus
1157 4336 1205 4389 por
1218 4322 1269 4373 trac
1287 4320 1368 4372 tidem
1383 4335 1470 4372 resur-

248 4394 273 4447 ⁸⁰
287 4402 380 4465 tattoni,
388 4423 523 4475 astrueret

314 4496 340 4554 5·
355 4508 397 4568 Sed
411 4519 502 4572 etalio
518 4519 648 4588 perplura
663 4519 788 4573 sanitatis
800 4520 933 4573 miracula
944 4537 1027 4588 penes
1040 4525 1162 4572 sanctam
1174 4519 1304 4587 virginem
1315 4518 1471 4585 obtigerunt

287 4588 369 4658 tiven'u
383 4614 552 4684 temporibus,
571 4620 720 4686 antequam
742 4616 873 4671 discessio
893 4617 977 4669 fieret.
999 4617 1137 4684 Quamdiu
1157 4621 1248 4669 autem
1270 4616 1383 4667 aberant
1407 4620 1471 4676 ante

288 4702 426 4766 reversionem
443 4731 520 4769 suam
543 4715 641 4769 imtres
665 4720 694 4769 et
710 4731 820 4768 sorores
838 4714 911 4770 illius
939 4716 1163 4784 congregationis,
1188 4715 1314 4768 videlicet
1339 4714 1473 4800 tredecim
1488 4724 1494 4759 ἑ
