3270 5400
369 398 461 451 BlBL.
480 397 561 449 REG.
580 398 753 452 Bnuxstn.
773 421 820 431 -
838 401 985 453 ΑΡΡΕΝΙ).
1006 403 1052 453 ΑΙ)
1069 404 1148 455 COD.
1167 395 1205 454 ΝΟ
1222 404 1297 456 79¹7.
1384 387 1453 458 163

214 587 320 640 nostris
332 592 408 641 recto
416 587 514 642 itinere
526 589 560 641 ad
570 594 692 642 nostram
706 589 809 643 curiam
822 590 964 644 veniendo.
977 592 1032 646 Nec
1044 600 1070 647 te
1081 600 1182 647 terreat
1191 594 1242 647 viee
1250 594 1392 663 longitudo
1402 612 1452 649 nec

215 684 322 739 laboris
333 686 476 751 lassitudo,
487 702 539 741 nec
556 703 736 756 expensarum
754 689 926 757 magnitudoe
939 705 1003 743 nam
1021 693 1081 745 hoc
1099 694 1190 746 ornnia
1205 694 1346 747 nobiscum
1361 699 1453 748 centu·

218 784 300 851 plicia
312 786 437 840 invenies
445 792 473 841 et
481 787 600 855 amplius
611 804 694 856 quarn
707 787 842 841 desiderat
856 804 935 841 mens
945 792 999 844 tua.
1014 832 1024 856 „

220 973 327 1043 Qnsll
347 973 483 1031 honore
499 972 693 1044 Alphorlus
714 987 739 1032 a
759 986 847 1045 rego
861 975 1010 1048 ejusque
1023 977 1246 1049 principibus
1263 955 1454 1051 susceptus

194 1086 209 1131 s
361 1072 430 1142 est,
446 1074 484 1131 et
498 1072 544 1131 de
557 1070 716 1143 lmsctne
730 1085 908 1133 converse
922 1076 960 1134 ln
972 1076 1124 1135 turmam
1137 1076 1315 1138 muelnxl.

264 1275 297 1333 8.
320 1277 470 1346 Alphorius
481 1281 573 1330 autern
587 1277 704 1346 acceptis
715 1277 813 1331 litteris
825 1280 961 1347 regalibus
970 1286 997 1333 et
1010 1281 1144 1348 perlectis,
1153 1287 1180 1334 et
1190 1298 1206 1335 a
1216 1283 1321 1335 nuntiis
1333 1285 1454 1344 edoctus.

231 1374 360 1443 dispositis
371 1374 501 1429 omnibus
512 1389 569 1427 sure
581 1375 781 1440 domuimus,
795 1375 913 1429 breviori
930 1393 986 1443 quo
1000 1379 1089 1445 potuit
1101 1378 1197 1431 itinere
1209 1379 1242 1432 ad
1256 1396 1346 1449 regem
1358 1396 1455 1449 prope·

234 1475 302 1528 rasit.
313 1475 374 1528 llox
391 1490 408 1527 a
425 1490 489 1543 rege
499 1474 571 1527 miro
588 1473 694 1527 honore
706 1479 850 1542 susceptus
862 1480 890 1528 et
901 1475 973 1529 ultro
985 1477 1019 1529 ad
1032 1477 1163 1545 palatium
1176 1478 1318 1536 adductus.
1331 1479 1420 1546 primo
1438 1496 1454 1532 a

184 1586 187 1591 ·
236 1574 353 1640 tyrannis.
363 1574 480 1627 ducibus
491 1579 520 1627 et
535 1572 676 1634 militibus,
689 1573 787 1627 deinde
805 1591 820 1627 a
838 1576 977 1629 communi
997 1575 1098 1643 populo
1116 1593 1167 1630 nec
1185 1577 1306 1630 minusa
1323 1578 1416 1646 regina
1427 1584 1455 1632 et

203 1676 228 1723 tt
240 1672 361 1725 suisdona
371 1678 398 1725 et
407 1672 574 1726 salutamina
583 1672 685 1740 recepit
696 1672 810 1726 infinita.
820 1673 975 1726 Transactis
985 1674 1022 1726 sic
1035 1674 1140 1742 aliquot
1151 1675 1256 1737 diebus,
1266 1692 1312 1729 rex
1322 1677 1453 1731 scrinium

243 1771 317 1825 sordis
326 1772 366 1826 sui
377 1773 484 1841 aperuit
496 1773 637 1842 Alphorio,
649 1777 676 1827 et
687 1774 724 1827 ob
735 1790 819 1842 quam
831 1790 942 1827 causam
956 1791 1019 1828 eum
1031 1781 1176 1828 vocaverat
1189 1776 1295 1843 plenius
1307 1777 1454 1830 enarravit.

246 1867 372 1936 llphorius
382 1871 464 1940 igitur
472 1872 615 1939 diligenter
626 1872 742 1925 intuitus
754 1873 788 1925 de
799 1873 843 1926 die
856 1873 1007 1927 nativitatis
1019 1873 1088 1941 regis
1101 1879 1127 1926 et
1139 1875 1247 1941 regina,
1259 1889 1310 1927 nec
1320 1880 1393 1928 astra
1405 1890 1455 1927 nec

248 1965 361 2033 planetam
373 1986 434 2038 quie
445 1985 529 2022 causa
541 1968 619 2022 istius
636 1969 840 2023 infecunditatis
857 1975 956 2026 essent.
973 1969 1061 2038 potuit
1073 1969 1204 2023 invenire.
1222 1970 1288 2023 Post
1305 1976 1361 2024 tres
1373 1970 1454 2039 igitur

250 2063 296 2117 dies
309 2067 445 2136 Alphorius
457 2069 512 2121 tale
523 2068 580 2137 regi
593 2069 677 2121 lertur
689 2069 795 2121 dedisse
808 2085 976 2136 responsum.
992 2069 1145 2137 Superioris
1155 2085 1250 2121 cursus
1259 2076 1363 2122 nattrrae
1373 2070 1454 2137 hujus

215 2164 241 2209 15
254 2162 426 2221 inlecunditatis
435 2167 518 2221 luisse
529 2184 648 2230 cauum,
658 2167 778 2236 plenarie
790 2168 958 2236 negavitdle
967 2176 1056 2220 antem
1062 2171 1164 2234 judice,
1174 2171 1305 2231 eristimo,
1316 2172 1385 2222 illud
1395 2173 1455 2235 fore

255 2263 333 2324 isauro
342 2284 371 2319 eu
381 2269 501 2334 aliocujus
510 2270 603 2333 arripui
620 2267 672 2319 Dei
681 2269 861 2335 procidentia,
871 2284 935 2334 qius,
947 2275 1089 2334 rariloquum
1104 2269 1175 2320 robis
1187 2270 1240 2321 hec
1257 2271 1382 2321 concedat
1399 2271 1455 2334 lior,

257 2360 302 2423 ieri
307 2369 485 2430 preordinavit
496 2368 662 2431 sacrificium
668 2369 826 2434 pretiosum.
844 2365 887 2418 Ad
899 2381 981 2434 quem
1000 2381 1063 2418 rex:
1077 2368 1273 2433 llapistrorum
1291 2371 1396 2434 optime,
1407 2369 1456 2421 lios

259 2458 294 2509 diu
302 2462 386 2525 issum
397 2473 443 2530 est,
451 2483 499 2519 nec
507 2473 596 2518 tamen
605 2467 693 2518 nostri
701 2466 831 2517 desiderii
842 2465 1001 2532 sequebatur
1009 2467 1124 2531 affectem.
1137 2466 1170 2517 Et
1180 2465 1327 2533 Alphorius
1344 2482 1454 2534 respon·

259 2557 301 2611 dil:
310 2562 401 2618 Scimus
412 2567 550 2631 infinitum
560 2581 703 2617 numerum
716 2581 771 2617 esse
783 2565 902 2626 deorum,
920 2571 943 2615 et
962 2581 1045 2615 estium
1054 2581 1113 2632 prs
1130 2567 1195 2618 aliis
1206 2567 1302 2618 trabere
1312 2569 1455 2634 priucipa-

219 2653 246 2701 ω
260 2661 498 2717 tuud'ostrsautem
512 2665 681 2730 infirmitatis
690 2680 743 2715 ison
753 2670 790 2715 cst
798 2664 908 2714 (leorrcm
915 2666 1038 2729 potentia
1046 2665 1113 2716 daie
1122 2666 1312 2730 differentium.
1325 2667 1431 2719 Placeat
1440 2666 1455 2697 ⁸

260 2765 376 2827 trtorepis
384 2765 517 2817 soluntoti
535 2764 679 2827 imapiuem
698 2778 779 2814 istrum
790 2763 853 2827 tisri
861 2778 894 2812 ax
906 2763 983 2813 electo
991 2778 1061 2814 ‹ricro
1073 2769 1096 2813 et
1104 2765 1277 2828 purissimo;
1288 2781 1371 2831 quam
1389 2766 1454 2817 riusa

261 2859 503 2928 miserfuadcndo
519 2866 649 2931 perficiat,
661 2865 709 2917 lios
721 2881 815 2917 »tornea
830 2883 839 2916 :
859 2866 870 2888 ⁸
885 2865 938 2917 llic
949 2871 986 2916 est
1000 2865 1073 2916 Deus
1089 2866 1200 2917 deorum
1215 2906 1226 2928 „
1247 2868 1350 2932 imponi
1368 2868 1455 2931 faciut

261 2956 384 3016 trimalias.
401 2964 531 3017 Forsitan
551 2971 575 3015 et
592 2965 641 3015 iste
649 2965 812 3031 praesteria
826 2966 853 3015 iu
871 2965 942 3029 repis
953 2965 1088 3028 sacrificio
1099 2966 1252 3031 specialiter
1263 2966 1317 3017 sibi
1327 2967 1456 3020 hortorum

259 3068 377 3117 must.
387 3062 446 3116 Rex
462 3061 562 3130 placito
572 3061 709 3129 acquievit
718 3067 745 3114 et
756 3060 854 3129 aperiri
871 3061 1015 3114 thesauros
1027 3078 1091 3114 suos
1104 3061 1176 3125 lecit,
1188 3067 1216 3115 et
1230 3078 1327 3115 aurum
1346 3064 1455 3117 Arabim

221 3143 248 3192 ¹⁵
262 3148 287 3203 de
299 3152 374 3226 ophyr
388 3166 416 3215 et
433 3159 543 3214 Evilath
559 3160 635 3229 larga
647 3176 731 3214 manu
748 3160 782 3212 ad
799 3160 935 3227 praedictae
952 3160 1078 3229 imaginis
1090 3160 1285 3228 perlectionem
1299 3162 1454 3218 exhibebat.

262 3245 375 3318 lunum
389 3260 473 3327 huius
489 3259 581 3328 operis
593 3258 689 3311 artilex
699 3258 845 3326 imagoque
858 3257 987 3321 funditur,
1000 3264 1027 3312 et
1035 3258 1088 3311 hoc
1101 3259 1229 3312 nomine:
1244 3261 1254 3284 ⁸
1269 3260 1319 3313 Hic
1329 3265 1370 3314 est
1381 3262 1454 3315 Deus

262 3344 366 3423 diorum,
382 3358 549 3413 nominatur.
566 3358 657 3411 Homo
674 3356 825 3425 proposuit,
844 3356 917 3409 Deus
934 3362 1026 3410 autem
1044 3357 1186 3425 disposuit.
1203 3357 1273 3424 Quia
1291 3359 1351 3412 lusa
1363 3360 1454 3430 imago

263 3449 420 3512 ltttdietauon
431 3457 544 3512 artificis
556 3455 745 3517 intentionem,
762 3458 810 3511 sed
828 3457 949 3511 crucifixi
966 3457 1114 3511 Salvatoris
1132 3457 1337 3525 dispositionem
1352 3459 1454 3512 habere

263 3542 379 3610 risurus.
389 3557 474 3611 Fama
486 3557 650 3625 divulgatur.
662 3557 779 3625 populus
790 3557 959 3619 ammiratus,
971 3573 1018 3610 rex
1034 3557 1136 3624 pariter
1147 3563 1174 3611 et
1187 3558 1279 3626 regina
1292 3557 1455 3611 concutitur.

223 3632 250 3685 ω
263 3638 319 3702 Tunc
333 3654 473 3725 Alphorius
492 3655 561 3710 dixit
578 3675 585 3708 :
606 3657 668 3709 Non
685 3659 845 3723 nsqlipentia
861 3659 922 3721 fore
941 3658 1064 3709 creditur
1083 3658 1208 3721 artificis,
1225 3659 1273 3709 sed
1284 3659 1455 3723 prouidentia

264 3752 339 3805 notura
346 3758 501 3824 superioris.
510 3756 586 3821 Erpa
595 3757 661 3808 talis
669 3758 811 3823 dispositio
824 3757 960 3820 iincipinis,
971 3755 1145 3807 Duodecimn
1156 3757 1182 3807 si
1191 3757 1285 3821 placei,
1296 3758 1456 3809 mortalibus

262 3846 357 3905 Μῶιω
373 3850 542 3923 nequisquam
561 3856 709 3922 displiceat.
728 3852 855 3907 Evocatis
875 3869 939 3921 ergo
959 3852 1034 3921 regni
1056 3852 1171 3920 populis,
1190 3869 1262 3906 noro
1281 3853 1453 3908 deonorum

262 3942 389 4005 nuncium
405 3951 578 4013 immolatum
596 3957 624 4005 et
641 3968 658 4004 a
674 3968 737 4021 rege
754 3952 789 4005 ad
807 3952 939 4020 templum
958 3952 1005 4005 ubi
1023 3950 1070 4004 alii
1088 3950 1125 4005 dii
1144 3952 1384 4013 conservabantur.
1396 3953 1456 4006 haec

261 4034 328 4111 illito
336 4048 449 4105 brachiis
460 4051 543 4120 regiis
555 4050 702 4104 ferebatur.
710 4050 762 4103 Sed
775 4050 849 4103 nulla
862 4049 1030 4118 comparatio
1042 4049 1142 4103 Christi
1153 4051 1186 4103 ad
1200 4049 1293 4103 Belial.
1303 4050 1456 4119 Statimque

218 4130 246 4181 ²⁵
260 4141 534 4203 rotinuoduetionem
546 4165 644 4203 omnes
655 4148 693 4202 dii
704 4149 797 4202 fractis
813 4148 966 4202 cervicibus
983 4150 1016 4202 de
1029 4149 1107 4203 altari
1120 4150 1284 4203 ceciderunt.
1303 4149 1352 4203 llis
1364 4150 1457 4218 itaque

145 4234 150 4247 ⁸
256 4239 326 4303 Μὴ.
335 4245 420 4315 regina
428 4247 543 4316 gravida
553 4246 713 4309 videbatur;
725 4252 760 4309 et,
772 4247 881 4315 expleto
893 4247 998 4302 dierum
1012 4263 1136 4307 numero.
1146 4248 1297 4316 elegantem
1310 4248 1387 4301 mirre
1398 4247 1456 4316 pul·

145 4290 150 4405 i
253 4335 388 4400 thritudiuis
406 4346 541 4401 infantem
566 4345 594 4399 in
614 4346 748 4399 mundum
772 4345 908 4414 produxit.
928 4347 1032 4400 Eodem
1057 4348 1146 4400 noctis
1168 4351 1301 4414 tempore.
1322 4363 1368 4400 rex
1393 4364 1455 4401 cum

145 4408 152 4557 Ι
249 4436 362 4508 ilphorio
372 4449 399 4498 et
409 4444 471 4499 aliis
482 4444 511 4498 in
524 4449 615 4499 castro
625 4446 700 4514 quod
712 4461 728 4497 a
740 4445 811 4513 regis
822 4445 897 4498 curia
912 4445 994 4499 distat
1005 4462 1054 4515 per
1066 4447 1121 4499 duo
1133 4445 1259 4509 miliaria,
1271 4462 1354 4498 causa
1366 4446 1456 4499 solatii

145 4572 147 4611 3
245 4542 415 4609 pemoetsbat.
426 4543 520 4599 Prima
530 4548 624 4598 autem
636 4542 729 4612 vigilia
744 4542 833 4596 noctis
848 4543 996 4612 Alphorius
1013 4561 1134 4613 surgens.
1147 4560 1224 4598 more
1243 4543 1324 4597 solito
1343 4543 1457 4599 intuitus

145 4618 149 4707 ἶ
198 4636 227 4691 to
240 4644 315 4705 astra,
325 4642 352 4695 in
367 4642 439 4713 regis
455 4642 604 4697 tentorium
615 4643 761 4713 ingressus,
773 4642 904 4711 gaurdiosa
915 4659 988 4697 nova
1004 4643 1142 4697 nuntiavit
1158 4644 1187 4697 in
1205 4643 1264 4696 hee
1281 4644 1366 4697 verba
1378 4663 1384 4698 :
1396 4646 1458 4699 Stes

145 4726 147 4737 ¹
238 4742 361 4797 dormitat
371 4741 386 4772 ⁸
396 4744 451 4795 sire
467 4743 562 4809 riprlut
579 4759 636 4808 rex,
648 4745 676 4795 iu
693 4750 821 4795 sternam
841 4744 909 4795 rimi
925 4745 1010 4809 :quio
1022 4744 1072 4795 hirc
1084 4744 1168 4795 ›roctis
1185 4744 1252 4795 liora
1272 4751 1336 4795 rictu
1354 4753 1392 4797 est
1403 4747 1457 4798 sibi

1537 2680 1551 2709 ¹⁸
1563 2682 1619 2733 cori.

1529 2745 1629 2799 Placet.

1539 4746 1552 4775 *
1564 4749 1621 4800 cort.

1514 4812 1633 4865 dormiat
