3270 5400
274 327 367 378 amu.
384 327 466 379 nno.
483 329 658 381 saonam.
678 353 723 362 —
742 332 892 385 mersu.
910 335 957 387 nn
974 336 1054 388 con.
1073 329 1112 388 r⁰
1129 337 1253 392 orer-ss.
1309 321 1377 394 351

193 514 249 572 M
260 516 475 586 mett
493 519 577 577 unt.
601 523 726 578 Exsultet
739 525 866 580 Ecclesiae
882 526 963 579 turba
980 526 1112 585 fidelium.
1123 529 1233 583 laetetur
1243 530 1381 601 precipue

173 615 274 669 triduis
284 619 404 672 mundus
421 620 449 672 in
469 621 534 682 oris,
551 622 636 690 patris
651 623 748 677 Judoci
766 624 918 678 illustratus
934 625 1027 690 radiis,
1043 627 1168 681 recolens
1184 628 1244 696 ejus
1264 629 1335 683 testa
1352 631 1381 685 in

173 715 240 776 πά,
248 716 284 769 de
293 717 373 785 cujus
383 719 516 774 societate
527 722 616 775 sancti
627 723 803 792 congaudent
814 724 842 778 in
854 725 935 778 caelis

194 836 456 897 mmmmm.
479 844 637 898 Laudemus
656 862 797 899 summum
818 852 846 901 et
869 847 1032 902 clementem
1051 849 1209 913 Dominum,
1229 851 1277 919 qui
1300 852 1381 906 nobis

173 935 305 992 i'mimnm
313 938 447 994 Jndocum
459 941 546 995 voluit
556 944 682 997 conterre
694 949 852 1012 patronum.
862 944 907 998 Ps.
919 945 1026 1000 Venite.

194 1061 365 1130 Hymnus.
385 1065 445 1118 Rex
457 1065 576 1134 gloriose
587 1067 743 1136 praesulum.

571 1271 615 1328 In
635 1270 750 1342 primo
771 1271 957 1329 nocturno.

195 1424 273 1480 Ant
294 1428 410 1482 Sanctus
426 1429 547 1484 Judocus
564 1431 725 1486 cathedram
744 1432 907 1501 pestilentiae
925 1449 1064 1501 respuens,
1077 1433 1152 1487 velut
1168 1434 1272 1503 lignum
1289 1436 1379 1492 tructi·

173 1538 241 1577 erum
252 1541 331 1578 secus
342 1527 472 1580 decursus
482 1528 663 1582 sanctificarit
675 1544 818 1598 aquarum.
831 1528 876 1583 Ps.
891 1528 993 1583 Beatus
1004 1529 1054 1584 vir.

195 1621 274 1678 ant
295 1623 408 1693 Populis
419 1626 512 1679 inania
527 1626 733 1689 meditantibus,
745 1625 846 1680 Christi
863 1627 952 1680 cultor
963 1629 1052 1682 evasit
1062 1629 1190 1693 indoctis,
1202 1636 1230 1685 et
1242 1632 1270 1686 in
1287 1638 1382 1688 monte

173 1728 248 1776 meto
259 1723 309 1777 Dei
320 1725 483 1793 praedicator
493 1725 597 1779 effulsit
607 1725 776 1794 magnificus.
789 1724 832 1777 Ps.
845 1724 935 1791 Quare
946 1725 1126 1782 fremuerunt

195 1818 274 1875 ant
296 1821 448 1876 btiriticarit
462 1823 597 1877 Dominus
612 1828 738 1876 sanctum
756 1822 892 1876 ludorum
910 1822 1059 1877 exaudiens
1072 1829 1183 1887 sumet
1199 1827 1271 1895 apud
1284 1828 1380 1883 ducem

173 1918 298 1973 imbutum
310 1925 337 1973 et
347 1920 528 1989 glorificatum
541 1921 683 1976 constituit
695 1921 723 1974 in
735 1936 810 1989 pace.
822 1918 866 1972 Ps.
879 1919 947 1973 Cum
960 1919 1127 1974 invocarem.

195 2015 276 2073 ant.
297 2020 439 2074 Tentautis
456 2019 560 2073 inimici
575 2019 667 2087 jacula
685 2025 713 2072 et
733 2017 817 2072 astuti
834 2018 969 2086 serpentis
989 2017 1122 2071 versutias
1142 2025 1252 2074 sanctus
1272 2022 1382 2077 Domini

173 2120 232 2170 culo
245 2117 325 2171 bonae
339 2117 486 2171 voluntatis
498 2122 636 2188 protectus
649 2116 738 2170 evicit
751 2116 794 2170 Ps.
804 2115 894 2169 Verba
905 2131 977 2169 mea.

196 2214 277 2271 Ant.
298 2215 495 2271 Admirabilem
509 2218 582 2271 Deus
593 2221 688 2270 noster
704 2231 797 2269 coram
816 2214 984 2284 principibus
1001 2219 1127 2269 sanctum
1140 2216 1227 2270 fecisti
1238 2219 1382 2284 Judocum,

173 2328 236 2379 prem
253 2315 328 2369 stola
340 2315 519 2382 jucunditatis
539 2316 697 2368 decoratum
720 2329 801 2382 super
822 2328 906 2381 opera
925 2328 1057 2366 manuum
1080 2315 1244 2368 constituisti
1264 2320 1382 2372 tuarum.

173 2413 199 2467 's
208 2415 324 2469 Domine
336 2416 476 2470 Dominus.

196 2512 273 2570 ant
295 2514 343 2567 Vir
360 2515 409 2568 Dei
426 2514 547 2569 Judocus
564 2515 592 2568 in
609 2517 732 2569 montem
752 2512 944 2583 transmigrare
962 2516 990 2567 et
1006 2512 1180 2567 secretiorem
1200 2513 1284 2570 vitam
1302 2533 1383 2586 agere

173 2611 272 2678 upiem,
293 2613 427 2681 justitiam
445 2613 602 2681 diligentem
620 2615 648 2666 et
665 2611 823 2680 aequitatem
846 2611 940 2664 videre
956 2610 1105 2664 Dominum
1129 2615 1188 2665 toto
1209 2612 1381 2667 desiderabat

173 2710 261 2764 ,tectu
273 2711 317 2764 Ps.
328 2712 359 2765 In
371 2712 489 2765 Domino
502 2711 622 2766 confido.

195 2845 308 2889 Ptttttutt
329 2833 360 2898 li.
382 2836 532 2890 Sanctitate
547 2834 662 2905 insignis
680 2833 721 2886 vir
733 2832 782 2886 Dei
798 2832 919 2886 Judocus
933 2848 966 2887 ex
980 2833 1136 2887 Britannica
1147 2839 1228 2902 geute
1247 2834 1384 2891 nobilissi-

173 2944 227 2984 uam
238 2931 316 2984 duxit
327 2931 491 3001 prosapiam,
505 2932 579 3000 regia
591 2933 675 2999 stirpe
688 2930 785 2984 editus
802 2927 834 2991 ν.
851 2929 1029 2983 Nobilitatem
1045 2929 1151 2997 generis
1162 2931 1264 2984 sanctis
1275 2932 1385 2987 ornavit

173 3026 285 3090 roribus,
296 3028 414 3081 nobilior
422 3029 510 3082 multo
519 3029 577 3082 Deo
587 3045 671 3097 quam
683 3028 784 3082 seculo.
794 3056 826 3065 -
835 3025 929 3095 Regia

196 3122 226 3188 Pte
247 3124 355 3178 Electus
375 3124 483 3177 Domini
504 3125 645 3178 consessor
664 3124 785 3178 Judocus
810 3123 898 3192 dignis
919 3121 1091 3176 successibus
1112 3122 1146 3175 ad
1168 3124 1241 3191 regni
1263 3123 1384 3180 culmina

175 3220 268 3289 ligitur,
290 3223 338 3276 sed
364 3238 459 3276 amore
484 3223 534 3276 Dei
556 3226 665 3276 terrena
688 3226 855 3291 postponens
878 3219 1019 3273 ambiebat
1042 3236 1155 3288 regnare
1180 3238 1243 3275 cum
1268 3221 1385 3278 Christo.

173 3327 188 3373 ¹.
207 3318 328 3375 Tandem
347 3322 424 3376 fratri
441 3323 572 3392 regimine
584 3323 693 3387 collato,
703 3325 796 3376 mente
808 3321 943 3375 conditori
955 3321 1106 3384 adhaerens,
1118 3350 1151 3361 -
1163 3322 1319 3377 Ambiebat.

197 3417 226 3482 ri.
247 3420 343 3472 Annos
355 3419 488 3473 excedens
500 3420 632 3482 moribus,
644 3424 674 3473 ut
692 3420 781 3473 iuerat
794 3417 965 3487 juvenculus,
981 3417 1092 3485 jejuniis
1110 3422 1137 3471 et
1149 3418 1275 3486 precibus
1292 3434 1385 3472 exem·

173 3513 229 3568 ilum
240 3515 324 3568 dabat
335 3514 454 3569 senibus.
471 3515 503 3579 γ.
521 3517 586 3572 Erat
596 3532 700 3585 pernox
712 3517 741 3570 in
752 3515 862 3569 fletibus
873 3513 1030 3583 sanctisque
1043 3514 1070 3567 in
1080 3514 1217 3581 operibus,
1229 3514 1326 3567 mortis
1340 3513 1383 3567 die

173 3610 294 3666 ollicitus
306 3642 338 3651 -
349 3614 473 3680 iejuniis.

196 3708 225 3772 u
247 3710 389 3764 Gloriosus
399 3710 450 3764 Dei
462 3712 603 3765 confessor
616 3711 744 3774 ludocus,
757 3710 847 3779 patrio
864 3708 923 3763 solo
936 3725 998 3762 cum
1012 3709 1175 3778 quibusdam
1189 3710 1290 3764 sanctis
1302 3711 1385 3763 comi·

173 3805 227 3860 ibus
236 3823 367 3875 egressus,
376 3806 485 3860 Pontivi
495 3807 557 3875 pagi
568 3807 636 3861 fines
645 3807 680 3860 ad
691 3823 778 3875 usque
789 3806 909 3859 devenit.
924 3804 955 3868 l.
970 3803 994 3856 A
1007 3805 1106 3873 quibus
1118 3805 1252 3873 predictis
1262 3804 1386 3873 patribus

173 3904 243 3972 cpite
253 3908 378 3958 attonsus
390 3904 424 3957 ad
437 3904 561 3957 ordinem
574 3903 675 3958 electus
687 3904 838 3957 clericatus.
848 3934 879 3943 —
892 3902 1009 3957 Pontivi.

601 4107 644 4164 In
670 4107 718 4164 11.
743 4105 938 4164 nocturno.

197 4251 317 4332 Prima
337 4274 420 4332 Ant.
441 4276 504 4329 Sine
522 4274 631 4329 macula
648 4276 676 4329 in
694 4278 842 4342 conspeetu
859 4273 971 4327 Domini
988 4272 1162 4327 beatissimus
1180 4273 1237 4326 ibat
1256 4272 1386 4338 ludocus,

173 4374 335 4440 [nadrantem
348 4376 382 4429 ad
399 4375 527 4429 diurnum
545 4375 648 4429 victum
666 4377 834 4427 reservatum
849 4373 972 4426 tribuens
989 4372 1087 4441 egenti,
1104 4372 1165 4426 ideo
1186 4371 1339 4439 requiescet
1356 4369 1384 4424 in

173 4477 289 4527 nmonte
301 4478 397 4528 sancto
408 4474 466 4528 Dei.
481 4474 523 4528 Ps.
537 4475 654 4528 Domine
666 4473 727 4542 quis
738 4471 884 4526 habitabit.

196 4570 275 4629 ant.
297 4572 470 4626 Desiderium
488 4571 579 4625 cordis
596 4572 655 4640 ejus
672 4569 797 4638 implevit
819 4568 953 4623 Dominus
975 4573 1002 4621 et
1023 4567 1162 4622 voluntate
1180 4566 1266 4622 animi
1278 4574 1387 4623 nonest

173 4671 304 4738 raudatus,
316 4670 456 4739 vitamque
467 4686 552 4738 quam
564 4684 673 4738 semper
682 4667 830 4738 exoptabat
842 4665 955 4735 accepit
967 4665 1013 4720 Ps.
1025 4665 1142 4720 Domine
1155 4666 1183 4721 in
1196 4666 1297 4721 virtute
1308 4669 1365 4721 tua.
