3270 5400
252 376 343 426 BlBL.
361 376 441 428 Rus.
461 376 631 429 BHUXELL.
651 400 698 410 -
716 379 863 432 APPEND.
882 380 928 431 io
946 381 1025 432 COD.
1043 370 1080 431 Νο
1096 379 1171 433 itai.
1279 364 1324 435 19

102 567 250 617 Itzrlcitium
263 569 377 619 dirersis
390 575 581 620 tormentorum
592 571 735 633 penatores
747 587 825 637 opere
836 572 975 623 uniuersos
993 573 1041 637 qui
1056 572 1210 636 sacrificare
1224 573 1324 626 noluis-

100 675 156 718 sent
164 686 174 731 ,·
183 685 225 718 eos
239 675 326 718 aretem
337 670 386 734 qui
394 670 593 733 consensissent,
608 670 711 720 diritiis
722 677 745 721 rt
756 669 903 722 honoribus
913 670 1059 721 sublimare
1070 672 1214 722 constituit.
1227 670 1324 723 Verum

101 770 166 833 quia
178 769 284 832 Ionpmn
298 774 334 817 cst
347 768 493 818 venetiorum
510 767 562 818 Dei
575 775 726 835 martyrum
741 775 815 834 pecto
827 770 991 820 conscribere
1001 776 1025 821 et
1041 785 1099 835 qaia
1114 776 1138 821 et
1149 777 1251 836 quanto
1265 785 1324 835 pcr-

100 866 214 915 tuleriet
227 880 281 930 pro
299 865 401 915 Christi
411 867 524 926 rromine,
537 866 573 916 od
583 866 729 930 ploriosom
744 868 895 932 passionem
906 872 1005 918 sonctoe
1016 868 1167 919 Anonosioe
1179 867 1325 918 articulum

101 980 255 1016 revocemus.

443 1546 651 1657 ipponiix
679 1546 728 1633 aa
755 1545 835 1632 or.
865 1546 981 1633 7461.

128 1837 164 1878 or:
187 1837 303 1879 sineri
328 1838 525 1881 nirixsnnuuos
547 1838 629 1881 vino.
653 1839 691 1882 nr
714 1840 808 1883 near.
831 1819 908 1899 (Cir.
929 1839 1037 1902 supra,
1059 1840 1132 1902 pag.
1157 1821 1204 1897 14,
1227 1821 1301 1903 110.)

219 2043 346 2113 Incipit
371 2045 542 2114 prologus
568 2046 605 2102 in
625 2045 793 2116 passione
814 2047 953 2105 sanctae
973 2045 1209 2104 maxelendis.

146 2251 176 2304 1.
201 2251 298 2304 linitas
311 2268 369 2305 esse
389 2252 583 2306 delectationes
596 2253 623 2305 in
636 2251 823 2306 conservanda
834 2250 893 2319 lege
904 2250 953 2304 Dei
966 2251 1032 2305 etin
1045 2252 1248 2307 considerandis
1265 2268 1326 2320 ope·

104 2350 177 2401 ribus
190 2351 255 2417 ejus,
269 2357 368 2403 norunt
387 2351 487 2419 quique
499 2350 600 2413 fideles,
618 2350 718 2403 adhoc
731 2349 817 2418 ipsum
830 2349 858 2401 in
870 2352 964 2402 sancta
974 2348 1089 2403 eeclesia
1100 2349 1223 2419 pervigili
1235 2355 1326 2402 mente

104 2455 238 2501 versantes
252 2449 374 2501 Delectat
386 2450 458 2502 enim
478 2454 535 2502 toto
548 2449 629 2514 corde
642 2450 726 2502 Deum
738 2447 888 2516 exquirere,
905 2446 1023 2500 delectat
1039 2447 1134 2502 laudes
1145 2448 1195 2502 Dei
1206 2449 1288 2501 corde
1300 2453 1327 2502 et

70 2552 84 2597 5
104 2564 149 2599 ore
171 2564 306 2600 resonare.
324 2548 449 2600 Psalmus
467 2564 577 2616 quoque
598 2547 717 2600 suaviter
737 2546 897 2599 decantatus
918 2545 1035 2599 delectat
1055 2546 1187 2611 auditum,
1207 2546 1327 2601 fraterna

103 2664 166 2699 vero
180 2647 333 2714 blandaque
346 2648 507 2700 ammonitio
520 2646 665 2715 cujuslibet
676 2645 797 2699 timentis
814 2636 902 2698 Deum
921 2644 1043 2698 animum
1063 2644 1188 2699 delectat„
1200 2646 1279 2700 Unde
1300 2650 1328 2700 et

102 2760 151 2795 nos
169 2746 261 2798 multis
282 2763 420 2799 sacrarum
438 2747 637 2816 scripturarum
659 2746 757 2800 divina
777 2744 946 2799 auctoritatis
966 2748 1022 2797 tam
1044 2745 1144 2797 veteris
1161 2761 1244 2813 quam
1261 2747 1327 2799 novi

102 2843 269 2896 Testamenti
280 2845 450 2897 documentis
468 2860 668 2908 ammonemur,
680 2844 751 2896 utin
764 2843 809 2895 via
820 2842 1013 2895 mandatorum
1025 2841 1074 2895 Dei
1093 2858 1176 2910 quarn
1186 2843 1328 2909 currimus,

101 2947 338 3011 quantoscumque
355 2943 485 3007 valemus,
504 2945 556 2997 hos
579 2943 670 2997 verbis
687 2941 866 3005 exhortando,
884 2940 945 2994 illos
961 2939 1095 3009 exemplis
1112 2941 1255 3006 trahendo,
1264 2959 1328 2996 con·

53 3043 83 3090 io
102 3046 189 3092 sortes
211 3041 314 3094 itineris
334 3042 420 3094 nostri
440 3041 543 3094 habere
560 3045 724 3109 satagamus,
741 3042 773 3092 ut
789 3036 834 3107 qui
851 3038 906 3104 jam
920 3052 1016 3090 vocem
1035 3037 1084 3091 Dei
1101 3038 1186 3103 audit,
1202 3039 1327 3108 proximo

101 3155 150 3192 suo
160 3141 245 3202 dicat:
257 3141 329 3193 Veni.
340 3140 481 3207 Quotquot
490 3141 562 3192 enim
571 3140 606 3192 ad
614 3139 698 3192 vitam
707 3138 820 3192 monitis
830 3137 886 3191 suis
897 3138 986 3191 socios
994 3138 1055 3205 quis
1062 3138 1210 3206 perducere
1217 3144 1327 3193 conten-

101 3240 178 3299 derit,
198 3245 237 3292 tot
249 3240 307 3293 sine
321 3241 432 3294 dubion
449 3257 557 3293 summo
574 3241 665 3307 jndice
677 3239 788 3308 praemia
806 3255 835 3291 se
852 3239 990 3308 percipere
1001 3238 1137 3307 gaudebit.
1152 3239 1221 3292 Nam
1234 3239 1262 3293 in
1274 3241 1327 3293 hoc

102 3355 156 3390 non
169 3338 258 3391 solum
272 3344 428 3392 sanctorum
442 3328 585 3393 doctorum
598 3338 712 3407 scriptis,
724 3338 772 3390 sed
785 3338 867 3390 etiam
878 3337 955 3404 juxta
972 3336 1143 3405 predicantis
1161 3354 1257 3391 vocem
1269 3337 1326 3391 Sal·

103 3438 210 3500 satoris,
222 3437 248 3489 in
262 3439 323 3501 hoc,
337 3438 457 3506 inquam,
466 3455 602 3491 summam
615 3437 710 3490 salutis
722 3441 821 3489 nostra
833 3441 958 3489 constare
969 3451 1025 3489 non
1042 3435 1208 3500 dubitamus,
1220 3436 1243 3489 si
1260 3452 1327 3505 prae·

53 3534 83 3580 ⁴5
101 3539 184 3590 missa
194 3538 247 3591 fide
257 3556 311 3606 (pua
321 3540 407 3591 Deum
416 3539 559 3607 diligimus,
567 3539 649 3591 etiarn
659 3538 730 3591 circa
739 3537 893 3605 proximum
904 3535 1032 3589 uirtutem
1041 3536 1327 3605 periectaedilectionis

102 3636 245 3703 diligenter·
254 3653 429 3705 exequamur.
438 3637 516 3703 Quod
527 3643 591 3691 tunc
600 3642 672 3690 recte
682 3637 777 3704 agitru,
785 3652 845 3689 cum
856 3651 912 3688 non
921 3633 1010 3688 solum
1020 3634 1127 3702 corpori
1136 3635 1227 3687 fratris
1236 3652 1327 3688 neces·

102 3736 209 3788 sitalem
229 3737 357 3802 patientis
375 3736 570 3804 compatientes
591 3734 744 3789 necessaria
760 3732 1007 3795 subministramus,
1019 3749 1114 3786 rerum
1127 3733 1211 3787 etiarn
1227 3733 1326 3788 animae

103 3836 162 3899 ejus
175 3834 266 3902 aliquo
280 3834 377 3887 delicto
388 3834 525 3903 languenti
541 3836 624 3888 acrba
640 3836 703 3888 vita
713 3838 740 3887 et
752 3832 946 3886 consolationis
957 3831 1128 3884 adhibemus.
1140 3831 1205 3885 Plus
1217 3837 1259 3885 est
1270 3833 1326 3887 ani·

101 3948 160 3983 mas
182 3932 209 3984 in
228 3938 360 3985 aternum
383 3932 501 3986 victuras
518 3933 602 3986 verbo
622 3932 719 3985 salutis
738 3946 868 3994 recreare,
889 3946 972 3999 quam
993 3929 1190 3983 moriturorum
1211 3945 1326 3999 corpora

51 4026 82 4074 20
101 4030 264 4096 quibusdam
275 4029 411 4083 alimentis
421 4031 550 4085 relevare.

141 4127 173 4183 2.
199 4128 258 4193 Qua
282 4129 314 4180 de
332 4144 361 4179 re
381 4144 429 4195 ego
449 4126 640 4191 commonitus,
658 4127 721 4180 dum
743 4126 776 4179 ad
796 4124 1002 4178 describendam
1021 4124 1104 4178 vitam
1122 4129 1150 4178 et
1168 4127 1323 4195 passionem

101 4225 187 4276 henim
205 4223 372 4276 Maxelendis
392 4223 514 4276 animum
532 4223 704 4292 applicarem,
720 4224 778 4276 haec
793 4222 862 4276 mihi
879 4220 1012 4289 precipue
1030 4236 1113 4274 causa
1130 4222 1227 4287 extitit,
1246 4229 1277 4277 ut
1296 4229 1324 4278 et

101 4329 207 4376 mentes
219 4323 388 4376 audientium
403 4324 437 4376 ad
449 4324 578 4376 sectanda
589 4324 724 4392 pradictae
736 4322 848 4391 uirginis
857 4326 1031 4374 etsemorum
1042 4320 1092 4373 Dei
1101 4321 1214 4390 vestigia
1226 4324 1325 4378 devote

101 4439 289 4490 provocarem,
303 4427 330 4474 et
342 4422 501 4475 reverentiae
513 4423 598 4491 ipsius
610 4422 720 4490 virginis
732 4438 787 4475 non
800 4421 906 4475 deesset
917 4418 1020 4488 aliquid
1032 4418 1075 4472 vel
1092 4436 1188 4488 parum
1201 4422 1325 4491 obsequii

51 4516 83 4563 ‘35
102 4522 164 4573 mei.
185 4521 270 4588 Legat
282 4537 353 4588 ergo,
366 4521 409 4573 cui
421 4521 561 4589 placuerit,
571 4521 732 4588 noveritque
744 4536 788 4573 me
797 4518 862 4573 huic
872 4517 947 4587 operi
956 4517 990 4570 de
998 4533 1061 4571 meo
1070 4533 1151 4571 sensu
1163 4519 1232 4574 nihil
1243 4538 1324 4590 appo·

102 4621 197 4681 suis-se,
210 4619 256 4671 sed
271 4621 420 4672 secundum
433 4621 507 4687 quod
525 4620 558 4673 de
577 4619 620 4672 his
637 4618 788 4687 antiquitus
805 4617 936 4686 scriptum
951 4616 1066 4685 repperi,
1084 4633 1117 4670 ea
1128 4634 1189 4686 qua
1201 4618 1323 4688 subiecto

104 4732 186 4785 opere
200 4716 380 4779 continentur,
393 4732 448 4768 non
457 4716 520 4769 ficte
529 4716 577 4769 sed
587 4715 676 4769 veraci
688 4715 757 4784 stylo
770 4714 968 4784 conscripsisse.
979 4712 1134 4783 Explicit
1142 4717 1322 4789 prologus·
