3338 5394
299 298 373 374 aaa
646 319 773 373 aaran.
798 319 904 372 conn.
929 318 1208 372 mammarum.

298 509 423 566 sentibus
433 514 462 564 et
472 509 645 580 serpentibus
658 509 748 579 plena.
756 508 799 563 lbi
807 509 960 579 scirporum
970 508 1092 564 maxima
1100 509 1285 573 abnndantia,
1294 524 1343 578 pro
1354 509 1493 565 frumento
1502 515 1530 564 et

299 609 430 664 trimense
442 608 515 663 cardi
528 613 615 662 erant

727 752 828 807 Audito
845 738 1084 817 vos'miraeulum,

726 850 820 906 Sancti
836 856 928 921 patres
944 850 1084 907 eximium.

430 1002 462 1056 ln
477 1002 599 1056 adventu
615 1001 781 1056 sanctissimi
1047 1000 1173 1056 lllflcitur
1188 1001 1329 1056 fructifera
1548 1011 1564 1060 b

398 1099 552 1154 Sebastiani
569 1100 698 1169 martyris
1016 1100 1102 1155 Vallis
1118 1099 1167 1154 illa
1182 1101 1359 1164 Suessonica;

397 1199 489 1268 Atque
506 1215 584 1270 papas
601 1199 724 1268 Gregorii
1017 1198 1141 1255 Efficitnr
1157 1198 1266 1254 virifica

398 1299 501 1368 rapam
519 1304 652 1369 ceperunt
667 1298 782 1354 colubri.
1016 1299 1051 1353 Et
1066 1299 1196 1354 arborum
1210 1299 1323 1368 copiosa
1339 1299 1362 1352 ⁴.

762 1447 842 1503 Unde
858 1446 950 1502 adbuc
966 1446 1123 1518 promiscua

731 1545 840 1601 Christo
857 1562 924 1616 qens
940 1546 1024 1601 refert
1040 1545 1154 1612 cantica,

731 1648 766 1702 Et
781 1646 872 1702 cordis
888 1647 917 1703 in
933 1646 1053 1718 tripudio

731 1746 840 1802 Laudes
856 1750 958 1803 sonant
973 1763 1036 1802 cum
1054 1763 1165 1818 organo.

343 1892 378 1952 8.
397 1893 516 1961 Quidam
525 1893 613 1948 sancti
622 1892 745 1947 bladardi
754 1894 909 1948 monachus
916 1892 1040 1948 libidinis
1048 1893 1110 1963 igne
1118 1893 1226 1959 ardens,
1233 1894 1413 1950 famulamine
1421 1910 1536 1949 amoenoe

302 1991 367 2047 ritae
376 1993 494 2053 deserto,
505 1990 677 2045 meretricale
690 2006 761 2059 opus
773 1991 918 2045 exercebat
930 1996 1023 2047 noctu
1034 1990 1087 2058 Qui
1096 1991 1234 2046 coenobita
1251 2008 1337 2060 ramis
1354 1997 1381 2047 et
1397 1993 1537 2062 profugus,

303 2089 429 2159 contagio
443 2089 548 2143 infandi
560 2089 650 2158 operis
662 2105 821 2152 succensus,
832 2089 963 2144 iratribus
974 2089 1140 2159 intempesta
1157 2094 1238 2145 nocte
1255 2090 1350 2160 sopitis
1366 2091 1494 2156 dimissis,
1509 2091 1538 2146 in
1556 2094 1588 2144 lb

302 2188 427 2258 margine
444 2188 510 2258 ripae
527 2189 693 2241 vestimenta
710 2187 868 2257 relinquens
884 2188 988 2243 flumen
1005 2188 1161 2243 festinando
1180 2189 1377 2244 transnatabat
1388 2190 1538 2260 Postquam

303 2287 393 2342 carnis
405 2287 575 2356 voluptatem
588 2287 701 2356 peregit,
714 2287 750 2341 ad
759 2286 844 2341 horas
856 2287 1007 2342 matutinas
1018 2286 1070 2342 iter
1080 2287 1222 2357 repedavit
1230 2287 1401 2358 fratrumque
1411 2289 1540 2344 laudibus

303 2385 436 2442 interluit.
446 2385 567 2454 Contigit
582 2401 647 2454 ergo
660 2385 735 2454 quod
753 2384 873 2453 quadam
885 2388 966 2440 nocte
976 2383 1083 2455 signum
1096 2385 1256 2455 pulsabatur
1272 2390 1420 2456 autequam
1430 2388 1540 2443 rediret

305 2484 479 2553 Quoaudito,
492 2499 571 2552 aquae
589 2483 640 2538 iter
654 2483 738 2553 coepit
755 2500 878 2554 carpere;
895 2487 924 2538 et
940 2483 1050 2539 interim
1062 2500 1118 2553 prm
1135 2484 1235 2540 timore
1251 2502 1283 2539 ac
1295 2485 1381 2541 nimio
1394 2503 1540 2557 oppressus

304 2583 408 2648 labore,
420 2583 456 2636 ab
472 2583 553 2636 hosta
565 2581 679 2652 antiquo
692 2582 824 2637 velociter
834 2583 945 2653 propria
955 2586 997 2636 est
1007 2583 1130 2652 privatus
1142 2583 1207 2638 rita.
1216 2583 1295 2638 blane
1303 2585 1457 2651 veroiacto,
1466 2585 1542 2640 venit
1557 2585 1589 2637 20

305 2682 603 2737 abbasetiratrcscum
612 2682 659 2737 illo
668 2680 1541 2751 illumiratremhncillucqueperquirentes;etnoninrenientes

305 2780 477 2836 mirabantur
488 2782 625 2836 dicentes:
640 2783 713 2848 Quia
724 2783 757 2836 de
768 2789 860 2836 nostro
870 2783 963 2849 fratre
973 2788 1012 2836 cat
1022 2783 1150 2848 famum?
1162 2781 1271 2836 Interea
1281 2782 1342 2851 ejus
1352 2782 1466 2837 exuvias
1476 2799 1542 2854 erpa

306 2897 407 2950 aquam
417 2886 596 2950 reppererunt
607 2881 680 2935 solas
693 2880 798 2949 absque
809 2879 883 2934 illius
892 2895 1016 2949 corpore.
1026 2879 1103 2934 Tunc
1112 2881 1283 2950 requirentes
1294 2880 1372 2935 illum
1380 2897 1430 2951 per
1439 2897 1541 2952 aquam

306 2997 370 3035 eum
383 2979 476 3035 statim
489 2979 654 3034 invenerunt
665 2979 870 3044 exanimatum
882 2995 967 3049 quem
978 2978 1042 3034 ilico
1054 2978 1082 3033 in
1098 2979 1193 3033 cloaca
1203 2979 1318 3048 sepelire
1333 2979 1465 3034 iecerunt
1475 2977 1543 3034 Post

306 3077 448 3147 paululum
458 3094 524 3132 vero
537 3077 669 3148 temporis
678 3077 754 3133 venit
766 3077 879 3148 angelus
891 3076 1000 3132 Domini
1010 3078 1039 3133 in
1050 3078 1157 3132 somnis
1165 3078 1200 3132 ad
1212 3077 1340 3132 abbatem
1350 3082 1378 3133 et
1386 3076 1470 3132 simul
1477 3093 1542 3132 cum
1558 3079 1591 3129 td

307 3191 341 3229 eo
359 3175 537 3230 Sebastianus
555 3181 583 3230 et
600 3193 670 3246 papa
692 3176 847 3247 Gregorius,
863 3192 933 3247 quos
950 3176 1154 3231 comitabantur
1169 3181 1280 3231 sanctus
1295 3176 1441 3231 lledardus
1459 3179 1543 3246 atque

306 3274 452 3328 Gildardus
464 3291 528 3328 cum
546 3274 724 3330 multitudine
737 3280 905 3341 sanctorum,
922 3274 971 3345 qui
982 3291 1039 3330 una
1048 3275 1073 3329 ei
1088 3273 1233 3344 inquiunt:
1249 3277 1322 3330 Tolle
1331 3278 1449 3344 fratrem
1460 3282 1543 3345 'taam

308 3375 448 3438 decloaca,
458 3382 482 3427 et
494 3377 523 3426 in
536 3376 669 3429 cimiterio
685 3377 784 3429 colloca
801 3376 874 3428 inter
889 3375 960 3429 alica
974 3377 1088 3443 fratrea.
1105 3375 1177 3428 Nam
1195 3375 1345 3429 obedientia
1361 3376 1404 3428 tui
1418 3381 1544 3429 mortun

306 3474 371 3540 fuit.
383 3471 429 3526 Bis
441 3478 469 3526 et
481 3476 522 3526 ter
537 3471 591 3527 hoc
603 3474 629 3527 ei
642 3473 779 3535 dixerunt,
790 3472 839 3527 sed
852 3472 905 3528 illis
917 3472 1031 3528 obedire
1042 3472 1139 3528 noluit.
1151 3473 1228 3528 'lunc
1240 3488 1303 3527 eum
1320 3473 1379 3527 iere
1393 3472 1430 3526 ad
1445 3488 1543 3527 necem

309 3570 531 3635 verberaverunt,
550 3572 616 3641 quia
635 3573 690 3628 illis
708 3572 820 3628 obedire
842 3572 954 3642 respuit
969 3571 1063 3627 Abbas
1080 3577 1173 3627 autem
1192 3573 1353 3643 perterritus
1372 3571 1544 3628 haecomnia
1560 3569 1593 3622 ³0

309 3669 440 3724 fratribus
446 3670 631 3735 adnunciavit,
639 3671 846 3741 confestimque
854 3672 968 3726 tratrem
977 3670 1053 3726 illum
1063 3671 1199 3726 decloaca
1208 3670 1545 3740 eripi*jussit,etsumma

310 3786 374 3825 cum
386 3769 541 3823 reverentia
549 3774 577 3824 et
587 3770 699 3839 hymnis
710 3770 838 3839 deposuit
849 3770 921 3825 inira
928 3770 1007 3826 alios.

351 3866 387 3924 4.
404 3867 485 3923 Anno
497 3868 645 3923 dominicae
656 3867 857 3923 lncarnationis
875 3867 1060 3925 DCCCCLIlll
1074 3868 1111 3936 (l)
1127 3866 1296 3922 Fulcboinus
1311 3866 1432 3922 decanus
1447 3882 1546 3921 mona·

310 3966 386 4021 sterii
396 3971 555 4021 sanctorum
568 3966 731 4031 Sebastiani,
750 3965 872 4035 Gregorii
892 3982 970 4035 pape
986 3970 1015 4020 at
1030 3965 1159 4032 ldedardi,
1177 3981 1241 4035 rege
1256 3964 1389 4019 bethario
1406 3968 1546 4035 regnante,

309 4065 404 4120 llcmis
425 4064 568 4120 ordinatur
586 4064 739 4135 episcopus.
757 4064 811 4132 Qui
828 4069 986 4119 sanctorum
1008 4063 1201 4135 praedictorum
1220 4063 1363 4118 destruens
1383 4062 1547 4118 monasterii
1560 4064 1596 4117 ,35

309 4167 476 4220 structuram
488 4179 601 4218 auream
614 4167 642 4219 et
651 4166 818 4233 argenteam,
832 4162 920 4217 sancti
927 4162 1121 4233 praevaricator
1127 4162 1204 4232 juris,
1213 4162 1342 4232 praedicto
1352 4162 1408 4232 regi
1417 4162 1453 4217 ad
1459 4162 1546 4218 instar

345 4361 383 4430 (1)
402 4362 441 4415 De
460 4361 514 4415 hoc
531 4360 683 4415 Fulchoino
703 4377 752 4415 sen
768 4359 861 4430 potius
877 4357 1022 4414 Fulcberio
1040 4358 1099 4414 sire
1114 4358 1260 4413 Fulchario
1277 4359 1316 4414 ita
1331 4359 1502 4414 llodoardus
1518 4361 1548 4416 in

312 4445 415 4498 annal.
427 4444 462 4498 ad
473 4459 537 4497 ann.
554 4444 604 4497 954
622 4456 628 4491 ε
646 4442 808 4498 Fulcharius
826 4443 946 4496 decanus
962 4441 1122 4496 monasterii
1139 4441 1165 4495 S.
1182 4441 1304 4496 lledardi
1319 4441 1548 4496 Noviomensinm

311 4524 407 4580 Remis
425 4525 567 4580 ordinatur
584 4525 729 4595 episcopus
741 4524 850 4593 (llligne,
860 4524 890 4579 P.
898 4524 928 4579 1..
937 4527 1006 4579 tom.
1015 4523 1141 4590 CXXXV,
1155 4541 1181 4594 p.
1192 4524 1262 4590 481).
1274 4523 1328 4578 Cir.
1338 4523 1549 4588 llerimannum,

312 4611 345 4664 dc
361 4608 571 4663 Restaurcte'one
587 4609 699 4663 obbatis
714 4608 743 4661 S.
762 4609 883 4662 Martini
901 4609 1017 4662 Tomoe.
1034 4605 1142 4677 (iligna,
1158 4607 1187 4661 P.
1205 4606 1235 4661 L.
1246 4612 1313 4661 tom.
1325 4605 1450 4673 CLXXX,
1461 4622 1488 4675 p.
1501 4608 1550 4662 110
1659 4621 1662 4626 ·

311 4705 388 4746 num.
406 4689 460 4758 94).
