3270 5400
342 403 414 477 516
679 425 804 477 aaran.
831 424 933 476 cono.
960 420 1236 474 acernaacerna.

341 613 420 667 rabat
431 613 475 682 pie
487 630 579 667 secum
589 613 656 667 illud
674 613 844 668 dominicum
854 628 902 682 per
910 612 1072 681 prophetam
1087 631 1093 665 :
1107 611 1118 636 ¹
1130 611 1177 665 Vae
1186 613 1273 679 vobis,
1287 654 1299 680 ,
1318 615 1417 682 inquit,
1431 615 1577 685 ‘pastores

340 712 387 780 qui
404 728 460 766 non
472 712 625 781 pascebatis
636 728 744 782 gregem
755 733 762 776 ;
775 713 850 781 quod
867 716 999 781 aegrotum
1012 715 1071 765 erat
1087 727 1144 764 non
1153 713 1278 777 sanastis,
1285 713 1361 782 quod
1370 712 1512 781 abjectum
1523 731 1577 770 non

340 811 494 876 reduxistis,
503 812 577 881 quod
590 812 707 880 perierat
717 828 771 864 non
784 810 927 880 quaesistis.
942 852 952 875 ,
967 812 998 864 ln
1010 810 1068 880 ipsa
1079 826 1145 863 vero
1157 810 1267 865 civitate
1279 812 1323 866 oui
1340 819 1468 881 praeerat,
1479 814 1576 869 iterum

340 910 414 963 viros
434 913 489 963 tres
501 911 553 963 sub
573 909 664 976 judica
676 909 851 964 Walachario
866 909 1019 963 vinculatos
1037 908 1302 964 orationedissolvit.
1314 910 1384 964 Item
1398 911 1468 967 etin
1487 912 1576 966 uillam

340 1007 447 1062 Galam⁵
455 1008 482 1062 in
494 1025 637 1063 occursum
646 1009 770 1062 Lotharii
779 1008 848 1077 regis
860 1008 1007 1077 protectus,
1018 1008 1087 1061 duos
1098 1023 1199 1076 pueros
1207 1024 1224 1061 a
1232 1008 1369 1063 landrico
1380 1010 1441 1064 viro
1450 1012 1577 1080 potentis·
1590 1017 1604 1068 t

339 1106 410 1160 simo
423 1107 458 1160 ad
469 1111 587 1161 mortem
608 1107 747 1176 conjectos
759 1106 839 1161 solito
852 1105 978 1175 precibus
992 1104 1060 1158 fusis
1072 1105 1108 1158 ad
1120 1105 1267 1159 Dominum
1280 1105 1404 1161 libertati
1413 1108 1539 1164 restituit.
1547 1110 1577 1164 ln

340 1205 405 1258 fano
418 1205 545 1259 Martensi
556 1207 647 1269 etiam,
660 1222 717 1259 suae
730 1206 871 1259 dioceseos
881 1203 1026 1266 territorio,
1038 1219 1100 1257 cum
1111 1203 1182 1258 forte
1199 1220 1299 1273 pueros
1317 1206 1430 1261 renatas
1442 1207 1507 1262 duci
1517 1225 1577 1263 oon·

340 1302 465 1371 spiraret,
475 1304 621 1371 cupidique
630 1304 808 1372 negotiatoris
820 1303 945 1356 animum
959 1307 988 1355 ut
999 1318 1099 1372 pueros
1110 1301 1247 1358 relaxaret
1263 1304 1392 1373 frangere
1404 1305 1577 1374 nequivisset

340 1400 496 1469 indignatus
506 1402 621 1456 caelestis
633 1403 743 1456 fabrica
756 1403 860 1455 formas
871 1401 930 1455 vilis
942 1405 1104 1455 mercaturae
1115 1402 1204 1456 addici
1222 1403 1404 1472 compendiis,
1415 1405 1505 1458 solita
1521 1422 1576 1460 ora·

341 1499 423 1553 tionis
434 1499 535 1554 malleo
545 1501 655 1556 vincula
667 1502 754 1570 fregit,
766 1501 860 1570 sicque
869 1501 963 1555 deluso
977 1501 1104 1570 mancipe
1115 1500 1238 1570 captivos
1246 1501 1311 1556 ultis
1323 1502 1449 1557 ecelesia
1458 1504 1576 1558 sociant.
1592 1508 1619 1559 tt

341 1597 421 1665 Quod
433 1599 497 1667 quia
507 1599 534 1653 in
544 1599 614 1654 libro
622 1601 684 1654 vitae
691 1600 776 1670 ipsius
785 1600 889 1669 digesto
896 1599 1050 1669 legentibus
1061 1598 1116 1654 late
1126 1604 1154 1653 et
1160 1599 1329 1655 sufficienter
1337 1603 1469 1669 occurrit,
1478 1602 1576 1657 succin-

340 1712 404 1767 gere
414 1697 664 1752 meliusastimavi.

381 1795 414 1852 6.
432 1796 487 1850 Nec
500 1795 566 1849 illud
578 1811 643 1849 vero
664 1795 884 1864 pratereundum
905 1799 953 1858 est,
965 1795 1039 1864 quod
1058 1810 1160 1849 caecum
1171 1795 1207 1849 ab
1228 1795 1310 1850 annis
1330 1798 1411 1850 xxx‘·
1422 1797 1508 1851 solari
1517 1796 1576 1852 lure

340 1895 478 1964 privatum
490 1894 567 1961 signo
577 1891 704 1945 videlicet
715 1894 815 1945 sanctae
831 1891 919 1945 crucis
935 1891 1049 1945 orbibus
1066 1890 1200 1959 impresso
1211 1890 1471 1947 videndifacultate
1481 1893 1576 1947 donas·

340 1998 389 2047 set
398 1992 534 2046 Praeterea
547 1989 630 2044 etiarn
649 1990 723 2043 aliud
735 1990 826 2057 majus
842 1991 967 2050 occurrit,
979 1990 1054 2058 quod
1066 1989 1172 2043 facibus
1184 1990 1316 2045 admirari
1331 2007 1485 2058 possumus
1496 2009 1576 2062 quam
1592 2001 1619 2051 u

340 2091 450 2145 referre.
462 2089 654 2144 adcumulata
667 2104 788 2156 namque
799 2088 1005 2154 miraculorum,
1017 2105 1078 2157 quae
1090 2104 1139 2157 per
1150 2105 1214 2143 eum
1227 2088 1321 2143 divina
1339 2090 1467 2159 operatio
1484 2107 1576 2160 propa

340 2189 464 2254 lasset‚in
474 2188 643 2243 retentione¹
651 2187 741 2241 baculi
752 2187 904 2256 angelicum
915 2187 1076 2256 obsequium
1085 2204 1114 2241 se
1123 2187 1257 2242 meruisse
1266 2187 1385 2243 laetatur.
1394 2189 1468 2257 Quid
1478 2190 1576 2245 adhaec

341 2288 445 2352 iratres,
469 2287 534 2356 quid
547 2288 581 2340 ad
593 2286 653 2340 haec
664 2286 743 2340 vobis
756 2287 883 2340 ridetur?
893 2285 960 2353 Quis
971 2286 1141 2340 sacerdotem
1152 2287 1312 2355 hujusmodi
1321 2303 1379 2343 non
1391 2292 1454 2342 tota
1463 2289 1576 2343 admira·

341 2385 415 2439 tione
424 2365 563 2453 suscipiat,
575 2383 618 2437 vel
628 2399 682 2452 qua
694 2383 862 2436 ²devotione
874 2382 932 2450 ejus
949 2383 1049 2437 merita
1060 2383 1151 2437 valeat
1166 2399 1355 2453 compensare,
1364 2401 1451 2454 quem
1461 2391 1537 2440 tanta
1544 2386 1576 2439 de

339 2485 397 2538 Deo
417 2483 568 2538 obtinuisse
586 2482 721 2536 miratur?
733 2482 772 2535 Ex
787 2498 882 2535 eornm
900 2498 967 2536 sane
986 2482 1205 2537 consideratione
1216 2484 1313 2551 qrranti
1330 2484 1473 2538 aestimare
1484 2501 1575 2555 possu-
1589 2492 1617 2543 n

340 2600 411 2649 mua,
423 2600 484 2652 quae
493 2582 569 2636 nullo
582 2586 651 2635 teste
663 2580 738 2635 solus
748 2581 877 2644 exercuit,
890 2598 950 2650 quae
962 2585 992 2634 ut
1002 2581 1101 2635 vitaret
1111 2580 1239 2635 vanitatis
1249 2582 1413 2649 jactantiam
1424 2585 1576 2639 occultavit

339 2681 426 2735 Porro
436 2680 658 2734 manifestissime
665 2679 759 2749 liquet,
768 2696 852 2749 quam
866 2680 935 2733 bene
945 2680 1088 2749 pecuniam
1101 2680 1211 2734 Domini
1223 2681 1265 2734 sui
1278 2681 1437 2751 negotiator
1447 2683 1576 2738 sollicitus

341 2780 507 2842 tractaverit,
519 2784 586 2848 quot
602 2796 700 2832 usuras
720 2778 848 2832 videlicet
858 2779 1024 2833 talentorum
1036 2796 1098 2848 quor
1108 2796 1125 2832 a
1136 2795 1245 2833 summo
1257 2781 1460 2849 patrefamilias
1470 2797 1576 2853 accepe

340 2882 384 2931 rat
400 2878 553 2946 reportarit
571 2877 641 2930 Huic
662 2877 784 2945 protecto
797 2878 832 2930 ad
850 2878 1101 2931 remunerationem
1113 2878 1156 2931 sui
1166 2877 1270 2932 laboris
1287 2880 1423 2947 perducto
1440 2880 1576 2936 dominica

341 2991 409 3030 voce
421 2976 534 3029 dicitur:
549 2976 646 3045 ‘Euge
657 2993 736 3030 serve
753 2977 825 3029 bone
846 2980 874 3029 et
884 2976 980 3040 fidelis,
997 2976 1063 3044 quia
1080 2993 1162 3045 super
1176 2993 1264 3046 pauca
1285 2977 1362 3032 suisti
1379 2978 1479 3045 tidelis,
1498 2996 1576 3050 super
1589 2983 1617 3033 u

340 3075 427 3128 multa
436 3077 462 3127 te
476 3074 650 3139 constituam,
661 3074 732 3128 intra
744 3076 773 3129 in
783 3075 911 3143 gaudium
923 3074 1035 3129 Domini
1046 3074 1094 3129 tui.
1106 3117 1117 3140 ,

382 3173 416 3231 7.
441 3172 512 3239 Quia
525 3190 589 3228 vero
602 3173 714 3242 longum
728 3177 770 3225 est
786 3172 826 3226 ire
842 3189 891 3242 per
902 3171 1017 3242 singula,
1026 3172 1164 3229 sufficiant
1174 3174 1234 3228 haeo
1250 3175 1296 3229 vel
1313 3176 1349 3229 de
1366 3175 1494 3245 plurimis
1511 3193 1574 3247 pau·

244 3284 251 3296 ·
340 3273 423 3327 eiora.
441 3272 494 3325 Sed
515 3287 549 3324 ne
571 3270 687 3323 fortasse
704 3269 814 3349 fastidio
834 3270 870 3323 sit
889 3269 1033 3323 verbosior
1048 3270 1246 3336 sermunculus,
1266 3270 1393 3338 pluribus
1416 3271 1575 3327 intermiaeis

340 3369 491 3438 posteriora
515 3368 664 3437 pulsemus
683 3367 785 3421 Praesul
805 3383 925 3437 namque
945 3367 1057 3422 Domini
1077 3367 1249 3437 Gaugericus,
1274 3370 1429 3437 gaudenter
1454 3370 1576 3426 videlicet

340 3468 545 3530 memorandus,
564 3465 643 3520 annis
655 3466 761 3520 circiter
773 3482 890 3519 xxxvrur
908 3466 1066 3534 praedictam
1085 3466 1325 3522 Cameracensium
1344 3468 1493 3524 accionem
1509 3470 1575 3524 rexit
1588 3475 1615 3527 tt

340 3567 492 3636 plenusque
504 3566 619 3629 dierum,
629 3565 729 3634 populo
743 3565 853 3634 quidem
870 3565 926 3632 jam
945 3565 979 3618 ad
997 3565 1080 3619 fidem
1098 3565 1263 3619 catholicam
1280 3568 1450 3638 mancipato,
1468 3569 1497 3624 in
1512 3584 1575 3639 paee

340 3665 452 3734 quievit,
464 3664 565 3733 quippe
577 3667 700 3717 aromate
712 3664 838 3717 conditus
848 3669 875 3717 et
884 3665 913 3718 in
924 3663 1043 3728 basilica,
1052 3681 1135 3733 quam
1147 3665 1176 3719 in
1188 3665 1290 3719 vertice
1302 3667 1408 3722 montis
1419 3667 1576 3738 nonpml

340 3763 376 3817 ab
387 3764 454 3817 urbe
468 3763 525 3831 ipse
535 3762 695 3827 construxit,
705 3778 814 3815 summa
826 3779 889 3816 cum
901 3764 1079 3817 veneratione
1090 3764 1221 3834 sepultus.

381 3860 416 3918 8.
440 3861 507 3913 Post
520 3860 598 3927 cujus
609 3859 803 3913 dormitionem
822 3860 910 3914 multa
922 3860 1055 3915 miracula
1073 3861 1171 3915 eodem
1183 3863 1211 3914 in
1223 3860 1285 3916 loco
1297 3861 1358 3917 visa
1376 3869 1450 3930 sunt,
1468 3881 1528 3934 quie
1544 3879 1574 3917 er

340 3960 463 4014 maxima
479 3961 555 4026 parte
574 3957 707 4011 incertum
720 3974 755 4010 an
774 3958 885 4012 raritate
906 3959 1070 4028 scriptorum
1087 3959 1217 4028 neglecta,
1235 3975 1272 4013 an
1292 3961 1396 4030 scripta
1415 3963 1425 3996 ¹
1445 3962 1575 4032 praedictis
1588 3968 1614 4021 tt

340 4056 501 4111 monasterii
511 4055 620 4109 casibus
629 4059 751 4109 nostram
764 4057 907 4110 scientiam
920 4073 1032 4111 evasere
1043 4056 1159 4111 sublato.
1172 4058 1212 4111 De
1220 4056 1233 4091 ¹
1242 4056 1399 4113 elevatione
1408 4060 1494 4115 etiam
1503 4076 1576 4115 sacra

340 4173 424 4226 quam
437 4155 520 4209 hodie
532 4155 625 4208 debito
639 4172 810 4220 veneramur,
823 4156 898 4210 nulla
910 4153 1020 4226 guoque
1032 4156 1210 4219 certitudinis,
1218 4160 1248 4210 ut
1260 4173 1345 4226 supra
1357 4157 1489 4226 diximus,
1501 4158 1575 4214 resti·

341 4255 385 4324 gia
402 4253 518 4324 posteris
534 4257 717 4320 reservantur,
732 4256 916 4325 praeterquod
929 4256 1026 4325 vulgus
1049 4255 1202 4310 terminatae
1219 4254 1379 4311 festivitatis
1393 4258 1503 4327 gaudia,
1514 4273 1576 4312 nun·

341 4466 374 4475 -
386 4435 517 4490 ⁶Galeam
529 4437 554 4489 D.

373 4518 442 4571 Nun.
451 4520 475 4572 6.
488 4547 519 4557 —
534 4519 543 4552 ¹
557 4518 627 4572 sacri
638 4520 700 4572 add.
711 4519 736 4572 D.
750 4547 782 4556 —-
793 4518 805 4552 ⁹
816 4521 857 4572 ita
867 4519 897 4583 ῆς
909 4519 974 4587 quia
984 4519 1007 4572 1.

374 4601 443 4654 Nun.
452 4602 476 4654 8.
488 4630 519 4639 -
531 4601 625 4670 ¹quod
635 4601 722 4668 magis
732 4601 861 4655 credibile
871 4605 913 4654 est
924 4603 986 4655 odd.
994 4600 1058 4655 2-
1067 4601 1079 4634 t
1089 4617 1167 4655 emm.
1175 4603 1268 4655 onznia
1277 4618 1336 4669 qua
1345 4604 1441 4671 regat
1450 4605 1574 4658 atonis

343 4685 398 4736 loco
411 4685 472 4736 odd.
484 4684 596 4736 :Pauca
616 4688 710 4736 tamen
730 4700 791 4752 qua
810 4683 943 4737 moderno
966 4687 1089 4753 tempore
1107 4682 1279 4752 contigerant
1292 4683 1321 4739 iu
1333 4683 1405 4739 libro
1417 4686 1573 4755 pontificum

342 4765 533 4830 subnotatami
545 4766 588 4820 cui
599 4767 721 4835 suppetit
734 4766 832 4832 otium,
844 4767 945 4835 poterit
956 4765 1090 4838 invenire.
