3270 5400
195 331 269 403 484
532 352 658 403 carna.
685 352 787 404 0000.
814 351 1091 404 11101000111110.

196 541 248 595 0111
256 541 285 594 in
296 541 416 610 pondere
428 540 523 610 viginti
535 544 650 594 stateres
666 540 695 594 in
713 541 765 605 die,
775 546 803 594 et
814 542 893 608 quasi
915 541 1127 595 subcinericium
1137 541 1286 595 ordiatium
1299 542 1424 597 comedas

195 639 270 704 illud,
282 645 310 695 et
325 646 445 695 stercore
456 641 530 709 quod
542 641 679 709 egreditur
690 641 724 694 de
741 640 856 694 homine
870 640 976 708 operies
988 640 1056 694 illud
1068 640 1096 694 iu
1109 641 1196 694 oculis
1208 657 1314 707 eorum,
1328 683 1339 707 ,
1359 648 1387 696 et
1399 643 1423 696 in

196 738 293 792 eodem
314 739 484 807 paulopost:
500 741 510 764 ⁸
525 740 594 793 Ecce
606 739 681 792 dedit
693 739 789 792 timum
807 738 898 793 locum
912 755 961 807 pro
977 739 1144 793 stercoribus
1155 739 1287 793 humanis
1299 745 1328 793 et
1345 741 1424 794 iacies

194 853 294 906 panem
306 841 384 891 tuum
402 839 475 891 ineo
490 878 510 902 ,.
531 837 601 904 Quid
622 854 686 906 ergo
706 838 872 891 censendum
893 837 1037 891 decernitis
1053 843 1084 891 ut
1102 839 1160 892 haec
1170 840 1233 907 jure
1251 856 1283 893 ac
1301 839 1423 895 fidelibus

195 935 295 1003 regalia
304 935 428 990 instituta
437 939 636 1001 renuntientur,
649 953 682 991 eo
698 937 772 1005 quod
786 952 835 1006 pro
857 941 988 991 consueto
1001 954 1128 992 sermone
1148 938 1297 993 hominurn
1309 939 1423 993 insolen·
1437 941 1450 990 0

194 1033 248 1087 tius
272 1038 299 1087 et
321 1035 481 1089 naturaliter
501 1035 637 1089 tamenin
657 1034 1031 1098 ecclesiarele1·untur,sicut
1048 1041 1075 1091 et
1095 1036 1161 1090 illud
1179 1043 1307 1091 nostrum
1327 1039 1361 1092 de
1372 1055 1423 1108 quo

194 1131 294 1184 seritur
304 1147 395 1184 sermo
411 1131 557 1185 ridiculum
575 1131 649 1200 quod
667 1133 719 1185 bac
732 1132 829 1185 eadem
846 1132 927 1200 culpa
938 1131 1084 1201 scripsistis
1095 1133 1320 1187 renuntiandum.
1339 1135 1423 1189 Absit

194 1227 247 1281 Sed
259 1228 325 1296 quid
348 1245 416 1297 opus
434 1234 476 1283 est
488 1229 601 1283 verbis?
612 1229 743 1298 Cogimur
766 1229 839 1283 enim
862 1230 939 1298 loqui
962 1236 989 1283 et
1000 1230 1159 1298 insipientes
1176 1231 1245 1285 fieri.
1257 1233 1313 1286 Sed
1334 1248 1382 1286 sos
1396 1237 1424 1287 ut
1445 1221 1447 1225 ¹

193 1327 269 1395 loqui
281 1328 432 1382 audeamus
443 1328 578 1398 coegistis.

235 1424 268 1481 3.
290 1426 474 1479 Transeamus
486 1425 520 1478 ad
532 1440 633 1478 novam
645 1425 760 1492 gratiam
773 1429 800 1478 et
812 1424 955 1479 audiamus
969 1426 1139 1479 ieronimum
1152 1426 1254 1482 diuinae
1268 1428 1336 1498 legis
1348 1429 1422 1483 inter
1437 1436 1462 1484 tt

195 1529 307 1593 pretcm.
325 1524 357 1576 ln
369 1522 458 1591 primo
470 1521 646 1590 epistolarum
664 1521 699 1574 ad
716 1520 892 1575 desinianum
912 1523 923 1547 ⁸
938 1521 1070 1575 Dominus
1090 1527 1184 1576 noster
1200 1524 1283 1578 lesus
1295 1525 1422 1588 Christus,

194 1622 241 1692 qui
253 1640 316 1677 cum
328 1622 357 1676 in
366 1622 455 1676 torma
467 1621 516 1674 Dei
528 1621 733 1682 essct,lormam
742 1620 813 1674 servi
826 1620 1002 1689 dignatusest
1013 1621 1135 1690 accipere
1147 1663 1168 1686 ,.
1178 1622 1229 1676 Cui
1239 1623 1306 1692 quid
1317 1640 1422 1678 necesse

194 1701 260 1785 erat,
273 1727 302 1774 ut
313 1719 482 1774 inhumanis
496 1719 627 1773 membris
644 1723 808 1782 nasceretur,
827 1719 849 1772 si
868 1719 907 1773 eis
924 1736 1023 1774 usurus
1041 1736 1096 1774 non
1114 1721 1206 1775 esset?
1224 1721 1281 1788 Qui
1296 1723 1422 1776 etiamad

194 1820 428 1888 comprobandum
452 1819 643 1871 insererem
667 1818 867 1871 humanitatem
891 1835 962 1872 verae
984 1819 1199 1873 circumcisionis
1222 1821 1348 1875 officium
1371 1837 1421 1875 non

192 1918 308 1987 respuit;
327 1921 354 1971 et
370 1921 478 1971 tanturn
496 1917 584 1986 ipsum
602 1933 708 1985 corpus,
729 1916 757 1969 in
774 1932 828 1984 quo
851 1916 995 1970 crucifixus
1009 1922 1057 1981 est,
1076 1922 1137 1986 post
1156 1919 1262 1972 inleros
1280 1919 1383 1985 habuit,
1395 1925 1422 1974 ut
1435 1925 1460 1974 u

192 2033 291 2070 manus
302 2017 453 2085 perforatas
470 2016 554 2069 clavis
568 2020 596 2069 et
610 2014 702 2069 lateris
722 2016 821 2069 vulnus
843 2016 1007 2068 ostenderet.
1024 2015 1102 2069 Certe
1122 2017 1187 2071 licet
1207 2020 1316 2072 auctior
1332 2019 1419 2088 gloria,

192 2115 288 2169 eadem
300 2131 354 2183 qua
371 2131 443 2168 nunc
453 2115 566 2189 utimur,
578 2114 629 2167 crit
641 2131 787 2182 corporum
804 2114 964 2175 substantia,
982 2114 1121 2183 digerendi
1141 2119 1243 2180 tamen,
1256 2118 1331 2186 quod
1348 2117 1419 2172 nefas

191 2220 232 2268 est
251 2214 378 2283 cogitare,
398 2213 559 2268 necessitate
582 2213 698 2278 seclusa,
715 2229 799 2281 quam
822 2213 880 2266 sine
898 2213 964 2267 vitio
988 2213 1117 2267 humanis
1140 2217 1305 2283 corporibus
1329 2216 1420 2271 indidit

190 2319 295 2376 natura,
307 2316 334 2367 et
347 2312 374 2366 in
386 2313 527 2381 evangelio
539 2328 588 2381 per
600 2312 673 2381 quod
684 2312 889 2366 sanctificantur
898 2312 1002 2370 omnia.
1017 2312 1109 2366 audite
1127 2313 1297 2368 dominicam
1311 2332 1419 2369 uocem:

192 2412 203 2436 ⁸
215 2411 285 2478 Quia
294 2427 375 2465 omne
384 2412 459 2480 quod
471 2412 499 2464 in
512 2428 542 2465 os
554 2411 660 2464 mititur
670 2410 699 2463 in
712 2415 835 2464 ventrem
848 2410 923 2463 vadit
935 2416 962 2463 et
975 2408 1002 2463 in
1016 2426 1153 2464 secessum
1166 2413 1304 2467 emittitur
1313 2455 1337 2480 „.
1349 2414 1417 2468 Acci-
1431 2415 1456 2466 10

190 2509 244 2579 pite
254 2510 337 2564 etiam
346 2509 462 2563 Paulum
475 2510 611 2578 egregium
624 2509 829 2578 praedicatorem
839 2509 873 2562 ad
885 2509 1053 2562 Corinthios:
1065 2511 1075 2534 ‘
1085 2509 1153 2563 Nam
1167 2515 1195 2564 et
1206 2527 1308 2581 corpus
1317 2529 1372 2567 non
1381 2519 1417 2567 est

189 2625 275 2663 unum
287 2610 443 2663 membrum
456 2610 503 2663 sed
515 2609 609 2662 multa.
620 2608 680 2660 Non
691 2611 781 2675 potest
798 2611 890 2660 autem
903 2607 997 2660 oculus
1011 2607 1114 2670 manui,
1126 2624 1211 2676 opera
1224 2614 1273 2663 tua
1287 2627 1343 2664 non
1356 2611 1416 2665 indi-

189 2721 248 2772 geo,
260 2710 308 2759 aut
319 2706 416 2759 iterum
430 2709 511 2774 caput
529 2704 660 2772 pedibus:
684 2720 741 2758 nou
758 2707 800 2756 est
817 2703 884 2757 mihi
904 2703 1057 2767 necessarii,
1076 2705 1124 2757 sed
1144 2705 1234 2758 multo
1256 2709 1416 2777 magisque

190 2803 317 2856 videntur
325 2804 447 2871 corporis
459 2803 584 2856 membra
593 2802 743 2855 infirmiora
753 2817 812 2854 esse
821 2800 1006 2854 necessariora
1018 2805 1089 2866 sunt,
1099 2806 1127 2854 et
1137 2818 1198 2871 quae
1208 2809 1340 2871 putamus
1350 2807 1416 2875 igne

189 2901 288 2955 hiliora
296 2903 421 2955 membra
432 2918 492 2955 esse
504 2901 633 2968 corporis,
645 2900 688 2953 his
704 2900 840 2953 honorem
851 2899 1082 2953 habundatiorem
1101 2899 1308 2956 circumdamus
1320 2909 1348 2957 et
1359 2920 1415 2972 qua
1428 2906 1453 2956 u

189 3000 335 3054 inhonesta
346 3005 410 3054 sunt
421 3006 515 3054 nostra
527 3000 755 3053 habundatiorern
774 2998 908 3052 honorem
925 2998 1037 3051 habent.
1050 3039 1061 3064 ,
1076 2999 1200 3053 lionesta
1212 3007 1308 3056 autem
1328 3007 1415 3056 nostra

190 3098 290 3152 nullius
298 3104 385 3167 egent.
397 3100 449 3153 Sed
460 3101 532 3153 Deus
545 3099 708 3167 temperavit
720 3115 827 3167 corpus,
837 3098 862 3152 ei
873 3098 1017 3152 cuidecrat
1028 3099 1264 3153 habundatiorem
1274 3101 1414 3155 tribuendo

190 3197 334 3261 honorem,
345 3204 375 3252 ut
387 3214 442 3253 non
459 3198 495 3251 sit
505 3199 605 3251 scisma
617 3198 775 3266 incorpore.
788 3197 843 3250 Vos
855 3202 947 3251 autem
960 3197 988 3250 in
1006 3214 1121 3265 corpore
1139 3198 1242 3253 scisma
1254 3199 1414 3254 circumscri-

190 3294 255 3349 bere
265 3296 353 3361 vultis,
365 3297 443 3365 quasi
455 3313 511 3350 non
530 3313 562 3350 ex
573 3296 660 3355 nobis,
669 3301 718 3349 aut
727 3295 754 3348 id
764 3296 861 3349 vitium
874 3295 916 3348 sit.
929 3296 997 3349 Cum
1008 3295 1098 3349 adhuc
1110 3297 1233 3364 gentium
1242 3299 1256 3328 *
1269 3299 1414 3353 subinferat

135 3401 141 3414 ·
191 3394 203 3418 ⁸
214 3394 248 3447 Et
257 3394 284 3447 in
295 3394 413 3463 idipsum
425 3412 473 3464 pro
487 3395 603 3448 invicem
616 3393 731 3448 sollicita
742 3393 797 3447 sint
807 3394 942 3447 membra.
954 3395 988 3447 Et
999 3395 1020 3447 si
1038 3393 1103 3463 quid
1115 3396 1218 3462 patitur
1231 3413 1318 3450 unum
1337 3413 1413 3451 mem·
1426 3396 1450 3447 10

188 3492 277 3559 bmm,
288 3494 491 3562 compatiuntur
508 3493 602 3547 omnia
614 3493 745 3556 membra,
757 3492 814 3545 sive
831 3491 962 3560 gloriatur
972 3509 1058 3546 unum
1071 3494 1229 3548 membrum
1249 3497 1414 3566 congaudent

188 3593 281 3646 omnia
301 3594 458 3658 membra,
481 3594 551 3663 Ergo
569 3592 592 3645 si
609 3592 668 3646 hrcc
681 3592 719 3645 ita
731 3608 760 3645 se
778 3592 968 3660 habentque
988 3592 1148 3646 nullomodo
1167 3594 1285 3648 inficiari
1306 3599 1413 3664 possunt

187 3706 297 3744 necesse
309 3696 357 3755 est,
369 3697 400 3744 ut
412 3709 472 3761 quae
484 3691 625 3746 munditiae
637 3691 759 3760 corporis
771 3691 855 3744 servit
868 3706 975 3753 manus,
985 3691 1080 3744 eadem
1096 3693 1246 3746 necessarii
1263 3697 1325 3750 sani
1336 3695 1411 3749 servi·

187 3793 248 3842 tura
260 3789 398 3843 subsistat.

226 3886 261 3941 4.
284 3887 368 3955 Igitur
379 3891 406 3939 et
417 3902 452 3939 ne
464 3886 560 3939 dicatis
570 3884 636 3938 solis
648 3885 676 3937 in
688 3883 795 3952 scriptis
810 3882 883 3937 beati
896 3883 1019 3950 Gengulli
1034 3884 1100 3937 talia
1112 3884 1211 3953 legere,
1220 3887 1315 3941 audite
1332 3887 1407 3942 etiam
1425 3889 1449 3940 a

186 3985 252 4038 etde
263 3984 370 4038 Victore
382 3982 500 4050 glorioso
511 3985 629 4048 martyre
639 3979 690 4033 sub
702 3979 822 4032 Antonio
834 3995 923 4048 passo,
933 3979 1006 4047 quod
1017 3979 1141 4048 abruptis
1153 3981 1315 4049 genitalium
1328 3982 1411 4036 nervis

185 4085 292 4137 fervens
304 4083 396 4135 oleum
408 4081 436 4133 in
448 4079 582 4148 pudendis
594 4079 652 4145 ejus
665 4095 773 4131 versum
784 4081 832 4131 est.
842 4077 955 4131 Constat
964 4077 1100 4145 siquidem
1110 4082 1229 4133 matrem
1240 4087 1411 4152 sanctamque

184 4179 365 4234 universalem
378 4177 520 4232 ecclesiam
533 4175 691 4243 hujusmodi
701 4181 728 4229 et
740 4176 910 4243 congaudere
922 4175 1092 4243 martyrium,
1104 4176 1176 4230 sicut
1188 4183 1216 4232 ct
1228 4180 1411 4249 congaudetin

183 4279 336 4333 abscisione
348 4277 468 4344 capitum
480 4291 593 4329 suorum
607 4274 737 4328 fidelium.
750 4274 785 4327 at
798 4279 860 4343 post
876 4274 936 4327 haec
948 4290 982 4327 ne
999 4274 1124 4328 videatur
1137 4276 1216 4330 vobis
1227 4279 1374 4334 ridiculum
1386 4279 1410 4332 in

182 4375 378 4443 glorificatione
388 4374 522 4441 martyris,
533 4376 559 4425 ct
570 4373 596 4425 in
606 4372 766 4426 confusione
774 4371 862 4425 hostis
870 4371 959 4440 legere
969 4372 1002 4424 de
1013 4372 1124 4425 trirullis
1136 4373 1334 4441 hominum,ut
1345 4378 1410 4430 dica·
1423 4379 1447 4431 10

181 4479 226 4527 tur
234 4473 375 4527 consimile
385 4494 391 4535 ;
401 4473 611 4526 ecclesiasticam
624 4471 767 4525 historiam
777 4470 920 4534 revolvite,
933 4470 980 4523 ubi
993 4471 1027 4523 de
1039 4471 1148 4525 duobus
1160 4473 1298 4544 episcopis
1309 4476 1409 4546 legitur,

181 4572 321 4625 christiani
340 4571 465 4626 videlicet
477 4576 503 4625 et
515 4570 642 4633 haretici,
655 4586 774 4637 quorum
787 4569 902 4623 nomina
914 4585 964 4622 nec
983 4568 1062 4622 facilc
1074 4569 1232 4637 recolimus,
1244 4590 1296 4628 nec
1309 4578 1409 4629 textum

181 4670 215 4723 ad
224 4687 343 4738 presens
352 4676 484 4735 tenemus,
494 4671 571 4737 cujus
581 4685 663 4723 causa
671 4668 777 4736 legendi
787 4667 810 4721 si
820 4667 947 4723 voluntas
957 4667 1039 4721 luerit
1049 4671 1076 4721 et
1084 4667 1182 4726 liuere
1192 4677 1292 4727 vestra
1302 4688 1409 4728 111011110-
