3270 5400
200 326 267 399 126
525 345 652 396 caran.
678 345 781 395 cono.
808 342 1087 394 namoonxrurc.

295 540 333 610 7ο
358 536 443 609 Vita
460 536 580 609 sancti
597 534 764 608 Cassiani
783 535 861 626 (iol.
884 536 1094 628 rsa-ras).

229 667 308 721 Edita
317 684 369 735 ope
378 666 436 734 huj.
448 666 507 719 cod.
519 667 545 719 in
557 667 638 719 Anal.
650 667 728 729 Ball,
738 670 803 718 tom.
813 665 857 728 lv,
867 682 892 733 p.
906 666 1021 719 159-166.

294 771 334 841 8⁰
359 769 410 840 De
429 765 616 840 miraculis
631 764 749 838 saneti
763 765 931 839 Cassiani
944 767 1021 859 (fol.
1044 766 1257 856 ras-lar).

229 899 338 952 Editum
351 898 378 950 iu
391 900 449 951 Act.
459 898 514 957 SS..
526 897 561 949 ad
573 895 598 948 d.
607 896 624 948 5
633 894 756 963 Augusti,
766 900 832 948 tom.
844 894 864 955 1,
873 911 899 962 p.
907 896 992 948 6d68.
1003 923 1036 934 -
1047 895 1100 948 Sed
1113 895 1140 948 in
1156 895 1216 948 eod.
1229 895 1423 949 desiderantur

195 997 256 1050 fluis
268 1012 343 1050 num.
355 999 365 1048 l
378 997 536 1057 (neccarum
548 994 619 1062 qrcod
629 993 930 1058 venerabilisscnliant)
942 998 971 1046 et
982 1010 1087 1047 numm.
1102 994 1140 1056 16,
1152 995 1191 1047 17.

637 1221 979 1230 ——---—-.——-.

422 1487 534 1574 XCV.
562 1487 686 1575 Codex
712 1491 898 1596 signatas
923 1509 968 1574 n⁰
995 1488 1188 1609 7672-74.

227 1726 365 1779 Foliorum
396 1727 508 1780 omnino
544 1730 591 1781 17⁶2
625 1732 732 1795 lprreter
764 1727 877 1779 lacinias
910 1731 1039 1796 quatuor)
1073 1732 1118 1795 (1),
1144 1731 1239 1783 iormre
1273 1732 1422 1785 mediocris

193 1826 281 1889 (0¹⁰‚33
291 1826 558 1889 >cassandrinus
571 1826 733 1888 binis‚lineis
742 1826 975 1894 graphidednctis,
984 1835 1110 1883 exaratus
1118 1830 1210 1882 seculo
1219 1830 1423 1885 xlvnubriea

195 1922 284 1985 nulla,
297 1924 344 1976 sed
357 1923 427 1977 tituli
445 1929 599 1977 atramento
610 1924 701 1992 scripti
720 1929 747 1976 ot
764 1924 864 1976 lineola
876 1927 958 1978 rubia
970 1927 1105 1980 subducta
1123 1928 1208 1981 notati
1227 1934 1299 1981 sunt.
1311 1927 1423 1981 Littera

194 2022 312 2087 majores
331 2021 449 2075 initiales
469 2022 635 2091 singularum
655 2023 774 2074 t'itarum
795 2028 822 2075 et
839 2022 920 2076 etiam
939 2025 966 2077 in
983 2024 1046 2079 Vita
1064 2025 1236 2094 Saragina
1248 2025 1420 2095 singulorum

193 2121 313 2188 capitum
327 2120 406 2186 (sicut
418 2126 445 2173 et
456 2121 637 2188 quorumdam
656 2121 773 2188 capilum
788 2120 855 2171 Vita
867 2121 892 2174 S.
905 2122 1049 2190 mannam)
1061 2124 1172 2177 alternae
1190 2125 1280 2178 rubro
1300 2130 1327 2178 et
1339 2141 1422 2178 caeru·

193 2220 251 2285 lea,
262 2219 349 2273 altero
359 2219 450 2273 colore
462 2221 631 2274 ornamentis
642 2219 732 2273 sobrie
742 2220 862 2286 ailjectis.

226 2318 395 2386 Tegumento
405 2318 526 2371 interiori
536 2318 562 2371 in
572 2319 659 2387 capite
666 2318 767 2372 codicis
774 2318 855 2370 uldra
865 2326 906 2372 est
915 2326 979 2374 nota
989 2338 1044 2390 qua
1054 2322 1154 2376 codicis
1163 2322 1191 2374 in
1201 2322 1315 2391 antiquo
1326 2339 1421 2377 museo

193 2413 372 2467 Bollandinno
382 2413 666 2481 locusdesignabatur.
677 2414 802 2466 videlicet
817 2416 841 2468 Ρ
859 2432 892 2468 us
902 2417 1009 2483 inqua*
1019 2417 1217 2485 etrepctitaest
1227 2416 1420 2471 infoliischar·

193 2509 277 2562 tureis
292 2510 356 2562 item
368 2510 395 2562 in
407 2510 496 2578 eapite
507 2509 608 2563 codicis
618 2509 747 2564 insiticiis.
756 2512 859 2566 Horum
870 2512 967 2565 ultimo
980 2510 1123 2580 inscriptus
1135 2517 1176 2565 est
1188 2528 1272 2565 manu
1284 2512 1420 2567 lleriberti

193 2608 338 2674 Rosweydi
348 2608 429 2661 index
440 2609 564 2662 Vitarum
573 2626 634 2676 quau
645 2610 672 2663 in
682 2610 776 2664 codice
786 2613 967 2667 continentur.
976 2610 1122 2678 praemissis
1131 2611 1174 2663 his
1182 2611 1287 2664 verbis:
1299 2614 1421 2666 Codieem

191 2709 263 2761 tunc
275 2708 371 2760 Rector
385 2710 495 2774 Collcpir'
513 2709 734 2762 Strlrnantioenais
747 2711 888 2762 lilla-nial
905 2712 1046 2763 societatis
1062 2711 1129 2763 Jeau
1150 2712 1219 2763 dono
1236 2712 1311 2764 dedit
1328 2720 1422 2764 nostro

193 2807 272 2858 Patri
284 2807 396 2870 AEoidio
407 2809 439 2859 de
454 2808 540 2859 Smirlt
559 2810 607 2874 qai
618 2809 729 2860 eicrrdem
747 2811 857 2861 doriorit
877 2812 904 2862 l'.
927 2809 1067 2861 lleridrrto
1086 2809 1238 2876 lloeroeydo.
1250 2809 1377 2878 Denique
1393 2810 1422 2863 in

191 2905 246 2959 alio
257 2906 323 2959 lolio
336 2907 480 2959 chartaceo
493 2906 609 2959 insiticio
623 2906 656 2958 ad
670 2906 770 2960 calcem
785 2908 887 2961 codicis
897 2908 1033 2960 delineata
1042 2907 1148 2961 enlzimo
1157 2908 1326 2977 conspicitur
1336 2908 1422 2961 Patri·

191 3004 276 3058 cianae
288 3004 424 3058 Hiberniae
436 3004 587 3072 designatio
604 3005 793 3073 geographica,
811 3007 888 3072 cujus
909 3007 1044 3058 rationem
1066 3005 1184 3073 explicat
1200 3005 1326 3075 epistola.
1346 3006 1421 3061 nullo

191 3103 303 3157 nomine
311 3103 472 3171 subscripta,
484 3119 545 3171 qua
559 3109 662 3170 tergum
677 3109 792 3172 occupat
801 3104 859 3157 solii
873 3104 968 3156 indicis
977 3104 1011 3156 de
1020 3120 1075 3171 quo
1085 3104 1169 3156 modo
1182 3103 1311 3158 diximus.

223 3202 324 3256 Prata
335 3202 416 3256 unius
427 3202 453 3254 S.
463 3202 616 3255 catharinae
635 3201 825 3255 Alexandrina
837 3202 947 3271 virginis
959 3208 987 3256 et
1004 3203 1139 3271 martyris,
1157 3203 1246 3256 nullas
1263 3204 1332 3256 alias
1345 3203 1422 3256 Vites

190 3303 311 3355 eontinet
327 3302 412 3355 codex
425 3300 477 3355 nisi
488 3305 645 3354 sanctorum
664 3302 852 3354 consessorum
866 3301 1060 3354 Hibernorum.
1079 3302 1156 3355 illurn
1170 3302 1272 3370 passim
1285 3302 1421 3356 adhibue-

192 3405 254 3453 runt
274 3401 301 3453 in
322 3399 434 3453 edendis
454 3399 611 3465 hujusmodi
633 3398 700 3452 Vitis
718 3401 837 3467 majores
864 3400 949 3453 nostri
967 3418 998 3453 ac
1018 3400 1212 3453 celeberrimus
1233 3400 1278 3454 ille
1300 3400 1422 3455 loannes

191 3499 292 3567 (tolgan
305 3498 332 3551 in
342 3497 534 3566 compilatione
546 3497 757 3566 hagiographica
768 3515 850 3565 (ruam
865 3500 932 3552 Acta
946 3501 1106 3551 Sarrclornm
1121 3498 1257 3552 aroana
1268 3499 1422 3568 inscripsit,

190 3600 217 3649 et
228 3598 348 3649 Corticem
358 3596 593 3648 Satricanticensem
602 3609 759 3662 nuncupare
767 3600 976 3648 consueverunt.
987 3596 1065 3661 Quod
1077 3612 1180 3649 nomen
1188 3597 1363 3650 servarimus
1374 3596 1420 3650 ubi

189 3710 262 3747 anno
271 3694 394 3762 proxime
402 3694 493 3761 elapso
502 3694 629 3747 eumdem
638 3695 759 3748 codicem
770 3695 903 3764 integrum
911 3695 1115 3748 accuratissime
1123 3694 1423 3763 vulgavimusauctore

190 3798 217 3847 et
229 3799 354 3861 sumptus
371 3793 509 3862 palante
522 3792 628 3860 egregio
646 3799 674 3846 et
691 3793 861 3847 nobilissimo
881 3795 939 3847 riro
951 3795 1057 3847 loanne
1076 3793 1200 3855 Patricio,
1209 3792 1370 3847 Marchione
1388 3794 1423 3847 de

191 3893 258 3946 Bate
271 3894 315 3958 (d).
334 3892 374 3945 lid
388 3893 459 3945 hanc
471 3891 620 3945 editionem
633 3892 798 3946 remittimus
810 3910 858 3946 eos
870 3894 916 3961 qui
929 3893 1020 3962 cupidi
1039 3893 1094 3947 sint
1112 3892 1220 3962 legendi
1238 3897 1331 3946 textus
1349 3892 1423 3946 vna·

221 4106 259 4167 nt
268 4104 402 4158 Nimirum
415 4105 460 4173 qni
470 4104 606 4158 recentius
618 4105 683 4158 solia
694 4106 815 4159 numeris
826 4106 952 4174 signavit,
966 4106 1043 4159 initio
1056 4106 1158 4159 codicis
1167 4111 1289 4159 veterem
1303 4107 1423 4161 notatio·

191 4204 253 4239 nem
265 4193 382 4243 secutus.
394 4187 482 4254 primo
495 4187 561 4240 lolio
575 4188 710 4256 inscripsit
722 4204 867 4241 numerum
881 4190 929 4241 48:
943 4189 1033 4255 priora
1045 4189 1118 4241 enim
1132 4187 1197 4241 iulia
1213 4187 1246 4241 47
1256 4188 1424 4254 jandudum.

188 4274 335 4337 antequam
348 4269 450 4323 scilicet
462 4270 496 4323 ad
510 4285 607 4322 manus
623 4269 770 4338 Rosweydi
783 4271 889 4323 venerit
903 4270 998 4331 codex,
1008 4270 1100 4322 excisa
1111 4274 1186 4331 sunl;
1198 4269 1261 4322 inde
1274 4285 1350 4334 vero,
1363 4270 1422 4324 nul·

188 4351 243 4404 lam
257 4351 389 4404 rationem
409 4352 514 4404 habens
525 4352 642 4404 aliorum
655 4351 784 4406 soliorum
798 4369 859 4420 quie
871 4352 898 4405 in
916 4369 1031 4421 corpore
1043 4353 1145 4406 codicis
1157 4351 1248 4405 excisa
1267 4356 1332 4405 sunt
1345 4359 1395 4407 aut
1405 4370 1423 4406 a

188 4439 363 4502 compactore
378 4433 438 4485 loco
455 4450 505 4486 suo
522 4439 607 4492 mota.
619 4439 647 4487 et
662 4435 789 4488 laciniam
808 4434 946 4503 negligens
958 4452 1019 4503 quae
1037 4434 1161 4502 sequitur
1173 4434 1219 4487 iol.
1233 4434 1288 4491 188.
1301 4434 1424 4502 reliquas

189 4521 280 4569 autem
292 4521 347 4568 tres
363 4516 397 4568 ad
410 4516 492 4569 llnem
505 4517 609 4571 codicis
621 4522 761 4585 tamquam
775 4518 879 4585 Integra
893 4517 959 4569 lolia
971 4523 1077 4577 notans.
1091 4516 1259 4585 pervenitad
1272 4532 1422 4572 numerum

188 4600 245 4654 222.
254 4614 310 4666 quo
321 4598 457 4666 signatum
475 4605 517 4652 est
532 4600 659 4652 ultimum
669 4600 816 4653 lolium-
828 4602 864 4664 (ι’)
873 4599 956 4668 Typis
969 4600 1089 4663 [lescies
1101 4600 1141 4653 De
1151 4599 1283 4652 Brouwer
1295 4605 1322 4653 et
1334 4602 1423 4655 socio-

189 4697 258 4741 rum.
268 4680 364 4750 Brugis
372 4680 559 4747 flandrorum,
574 4681 645 4746 1886,
657 4681 685 4734 in
697 4683 733 4735 4⁰.
