3270 5400
166 358 259 412 mss.
277 357 359 411 nne.
376 356 549 411 suuxnnn.
569 378 616 390 —
634 357 782 411 menum
800 358 848 410 nn
865 356 1197 413 consemineis.
1224 339 1296 413 447

65 547 249 602 ille¹veniens
257 548 437 618 leclo⁶patris
446 548 602 618 aepotsntis
611 549 749 604 assisteret
758 548 796 603 ait
804 549 839 602 sd
848 565 912 603 eum
920 549 1053 605 releicce
1061 551 1143 617 sides,
1149 551 1200 617 feli,
1207 549 1298 618 puod¹

63 649 177 715 morior,
185 655 209 702 et
216 648 355 702 iustonte¹¹
366 649 410 702 die
422 651 586 703 necessitatis
597 657 719 704 eetrernu
727 667 744 702 n
755 649 833 703 robus
844 650 974 703 hermonis
985 650 1111 704 ubducor.
1120 651 1155 703 In
1164 657 1188 703 tc
1199 657 1296 714 tomen,

63 750 197 818 meipsum
208 749 220 784 1
231 750 354 803 arbitror
362 751 424 816 fore
432 752 611 817 superstitem,
623 753 690 819 quein
701 767 754 804 non
766 758 804 804 est
812 752 922 819 penitus
934 751 1082 807 credendus
1095 750 1253 818 absumptus
1266 750 1296 815 ¹⁰,

64 848 113 916 qui
132 847 156 881 ¹¹
177 848 274 903 divine
285 849 454 916 provisionis
474 866 585 902 munere
606 848 630 882 11
649 852 729 903 talem
750 853 866 904 sortitur
886 851 1016 902 heredem.
1036 850 1097 902 Tibi
1111 850 1296 916 pubernncula

30 952 46 1004 b
63 948 141 1014 repni
153 946 177 980 11
188 948 276 1012 trodo,
287 955 312 1001 te
323 964 503 1002 successorem
511 950 698 1002 uniuersitatis
709 951 840 1003 constituo
850 948 881 1013 11,
890 951 921 1001 in
932 957 956 1002 te
971 957 1035 1016 post
1045 949 1129 1015 hujus
1141 950 1298 1016 corpusculi

62 1048 235 1116 sepulturam
256 1049 387 1114 sulfrupii
408 1050 546 1115 spiritalis
574 1056 736 1114 orpumento
761 1050 871 1115 depono.
893 1048 999 1101 Exhibe
1021 1050 1137 1116 teipsum
1159 1048 1297 1116 probitate

62 1153 213 1210 strenuum,
228 1147 329 1215 pictate
348 1147 477 1210 devotum,
497 1147 620 1200 moribus
640 1154 817 1211 mansuetum,
838 1149 956 1200 maxime
975 1149 1041 1215 quio
1061 1148 1105 1200 illi
1126 1148 1248 1200 succedis
1266 1148 1296 1198 iu

61 1261 177 1312 repnum
189 1243 212 1279 11
230 1247 280 1313 qui
295 1262 323 1298 sc
339 1247 401 1299 totis
417 1245 441 1279 11
455 1245 592 1300 exhibebat
607 1247 729 1300 moribus
745 1246 933 1300 christianum.
950 1246 1016 1299 Esto
1031 1262 1086 1299 non
1100 1247 1241 1299 immemor
1250 1246 1297 1314 pii

57 1345 160 1413 patris,
172 1345 221 1411 qui
231 1351 308 1397 touta
319 1350 344 1397 te
353 1345 463 1412 pietatis
474 1361 541 1398 ciero
553 1346 660 1400 nutriri
674 1354 697 1399 et
709 1346 746 1398 nd
757 1347 870 1399 honoris
884 1345 969 1411 hujus
984 1360 1116 1398 summam
1128 1346 1252 1413 perduci
1263 1343 1296 1409 ¹¹,

13 1448 45 1500 40
61 1451 92 1496 ut
104 1441 128 1476 11
141 1444 190 1510 qui
206 1444 272 1496 inte
288 1445 356 1510 cipel
367 1444 487 1513 affectus,
504 1460 559 1497 esse
571 1445 640 1497 mihi
655 1446 740 1511 possit
758 1445 891 1511 oblipolus
902 1461 936 1496 ex
945 1444 1039 1510 pretio
1055 1445 1135 1496 etiam
1148 1442 1172 1479 11
1187 1444 1214 1496 si
1224 1443 1295 1496 nihil

60 1542 154 1596 debeat
164 1542 189 1577 11
200 1559 234 1597 ee
251 1550 361 1597 notura.
373 1543 494 1612 Reputus
505 1561 545 1607 ne,
557 1542 652 1612 inquit,
664 1546 735 1598 hoc?
746 1542 898 1612 Respondit
907 1542 930 1578 11
941 1561 948 1597 :
961 1543 1065 1610 Reputo
1073 1550 1175 1611 puter:
1187 1550 1212 1596 et
1228 1544 1295 1610 quio

60 1654 153 1692 oerum
172 1640 281 1694 intueor
291 1656 367 1694 menne
377 1641 449 1708 quoti
460 1641 536 1703 dicis,
546 1642 686 1707 sucturum
698 1658 739 1694 nse
750 1641 866 1708 spondeo
876 1641 1069 1693 uniuersaliter
1080 1640 1151 1706 quod
1162 1639 1293 1707 injungite.

62 1738 132 1804 Quis
151 1739 222 1791 enim
241 1737 266 1771 11
283 1746 366 1807 poter
383 1739 472 1804 filium
492 1746 569 1792 tesntu
589 1740 768 1793 teneritudine
787 1738 812 1772 11
830 1739 906 1805 sooit,
924 1739 1008 1791 tontis
1028 1738 1252 1791 benedictionibus
1269 1735 1294 1771 11

59 1841 195 1906 prevenit,
207 1847 284 1893 tanto
298 1841 388 1905 plorio
398 1847 421 1893 et
432 1838 457 1873 11
466 1841 632 1906 possessione
645 1841 777 1893 collusit?
792 1840 901 1893 Accedit
912 1838 937 1873 11
948 1847 1037 1892 tomen
1046 1839 1114 1891 mihi
1122 1837 1146 1871 11
1158 1839 1194 1891 aei
1200 1839 1294 1904 pioriu

12 1942 43 1993 ib
60 1941 200 1992 cumulum
217 1939 374 1993 sublimium
388 1941 485 1992 titulus
498 1938 522 1973 11
540 1941 707 2006 rrerptinrum,
726 1939 825 2006 quibus
843 1956 876 1992 ee
889 1940 1063 2006 procidentia
1077 1946 1124 1991 tuo
1139 1939 1217 1991 illem
1231 1954 1293 1991 sum

59 2040 175 2092 sortitus
194 2054 319 2101 uxorem,
337 2054 391 2106 per
410 2054 493 2105 quom
513 2054 596 2091 sienim
615 2055 657 2091 me
673 2045 735 2105 post
754 2039 887 2091 modicum
907 2039 970 2104 ipsa
990 2037 1014 2072 11
1034 2039 1208 2105 prestolatur
1227 2037 1293 2089 nula

60 2138 215 2205 imperialis
226 2136 250 2171 11
261 2138 390 2190 heredem.
403 2136 481 2190 Tune
492 2136 531 2191 ait
542 2152 589 2190 rex
602 2155 609 2189 z
622 2138 700 2191 Recte
711 2145 741 2190 tu
754 2138 860 2204 quietem
876 2138 926 2203 feli,
945 2144 969 2189 et
986 2136 1085 2204 ubsque
1096 2136 1294 2203 inprotitueiine

60 2237 190 2290 esnioereo
201 2244 334 2290 retractos
344 2235 381 2299 11;
399 2238 445 2290 sed
461 2238 487 2290 si
502 2238 534 2290 cle
548 2238 649 2305 placito
667 2241 708 2290 tui
725 2238 812 2290 animi
829 2235 854 2269 11
870 2243 931 2289 urite
947 2237 1095 2289 constiterit
1106 2234 1131 2268 11
1145 2235 1216 2303 quod
1226 2236 1293 2288 meis

58 2336 228 2389 sermonibus
244 2351 299 2389 non
315 2335 443 2399 turberis,
455 2337 568 2404 aliquod
583 2336 632 2389 tibi
642 2336 762 2389 reoelobo
779 2342 918 2400 secretum,
931 2352 985 2402 per
1000 2335 1071 2402 quod
1082 2341 1107 2388 te
1118 2335 1186 2386 mihi
1195 2349 1256 2387 oere
1267 2332 1292 2367 11

10 2437 40 2490 lb
58 2434 89 2487 iu
101 2435 263 2488 immensum
281 2437 387 2488 noueris
403 2436 556 2502 oblipotum.
569 2435 693 2504 Cumque
708 2434 753 2488 ille
772 2434 919 2502 sponderet
931 2433 955 2467 11
972 2449 1077 2503 pacem,
1093 2432 1132 2486 sit
1145 2447 1212 2485 ern:
1230 2432 1292 2485 Non

58 2540 126 2587 esset
136 2549 266 2601 mopnnm
281 2534 331 2600 fili,
348 2535 374 2588 si
390 2536 440 2588 tibi
456 2536 487 2588 de
504 2552 561 2589 nico
577 2537 677 2589 semine
693 2537 840 2603 prodeunti
851 2550 926 2587 eirenes
937 2535 1092 2587 inservisset
1104 2534 1217 2599 effectus
1228 2531 1254 2565 11
1268 2537 1292 2584 et

51 2633 139 2699 jueta
149 2639 256 2686 notura
269 2633 405 2687 decretum
422 2635 600 2689 exhibuissem
609 2636 666 2700 filio
678 2634 702 2669 11
718 2636 850 2702 penitoris
861 2635 990 2700 officium.
1005 2633 1047 2685 E'o
1058 2634 1150 2686 minor
1161 2630 1185 2666 11
1197 2638 1235 2685 est
1248 2632 1292 2684 len

56 2732 114 2785 isto
136 2738 250 2798 nmuru,
268 2733 411 2786 nechabet
433 2749 512 2786 omos·
530 2734 669 2796 meritum,
692 2734 737 2786 cui
759 2733 817 2786 solo
839 2738 950 2798 prestat
972 2732 1122 2784 contusionis
1147 2731 1292 2797 sanquinis

56 2833 230 2886 iucmtioum.
251 2832 293 2885 Tu
309 2849 379 2897 oero,
395 2833 437 2899 un·
447 2831 480 2898 11,
497 2850 557 2886 cum
573 2834 644 2885 nihii
661 2833 697 2885 od
708 2849 749 2885 me
762 2834 903 2900 pertinens
915 2849 948 2886 ec
962 2839 1073 2896 noturo,
1091 2848 1146 2885 esse
1156 2832 1220 2897 jorn
1231 2847 1291 2884 ecre

10 2933 40 2985 55
57 2933 228 2993 merismu
238 2929 264 2965 11
276 2932 380 2999 poteris
392 2949 439 2985 nec
449 2933 553 2986 debebis
563 2933 697 2999 inprotus,
717 2934 766 2998 pul
783 2938 807 2985 et
818 2931 843 2965 11
860 2949 901 2985 me
913 2939 937 2984 et
948 2931 973 2965 11
984 2948 1043 2984 meo
1054 2932 1247 2984 uniuersaliter
1263 2946 1291 2983 es

58 3031 172 3099 adeptm
183 3048 217 3084 ee
226 3032 320 3098 protis
330 3030 362 3085 11.
374 3030 426 3084 Vix
438 3030 483 3084 ille
494 3047 651 3085 sermonem
663 3030 779 3098 finierat,
791 3035 818 3084 et
828 3029 937 3096 juvenis
954 3030 1048 3084 animo
1060 3029 1085 3063 11
1100 3031 1291 3083 consternatus

56 3128 207 3197 ingemuit;
219 3134 247 3183 et
258 3129 347 3184 lectus
356 3128 381 3164 11
392 3130 511 3199 quodam
524 3130 608 3183 animi
621 3134 732 3199 stupore
743 3132 934 3198 premortuus,
946 3144 1009 3183 curn
1024 3128 1146 3182 audisset
1157 3127 1196 3182 rei
1208 3131 1290 3195 gestes

56 3225 185 3281 ordinem
206 3225 317 3281 exilivit
338 3227 397 3281 Rex
418 3231 511 3282 autem
532 3228 557 3263 11
574 3229 599 3282 ei
620 3233 677 3282 tam
696 3226 761 3281 faeti
779 3227 917 3281 silentium
935 3226 1081 3296 imperans,
1102 3241 1185 3296 quam
1204 3224 1290 3280 animi

56 3324 224 3380 modestiam
233 3325 410 3395 persuadens,
422 3327 502 3393 Vade,
511 3326 599 3395 inquit
611 3329 647 3380 oet
658 3328 808 3394 oppositum
817 3329 951 3380 scrim'um
960 3335 984 3380 et
996 3327 1067 3395 quod
1076 3327 1209 3379 inveneris
1220 3326 1289 3389 tollo,

10 3428 39 3482 50
56 3431 87 3479 ut
99 3427 156 3479 tuis
168 3425 269 3495 probes
280 3427 409 3492 insipuiis
420 3425 453 3492 11,
464 3427 535 3493 quod
550 3428 617 3480 meis
629 3427 798 3480 sermonibus
808 3427 936 3480 didicisti.
947 3425 1064 3479 Protulit
1079 3424 1124 3479 ille
1136 3423 1170 3477 de
1188 3423 1289 3477 arcella

55 3522 173 3594 pallium
188 3522 213 3559 11
230 3528 258 3578 et
274 3523 358 3578 simul
374 3524 448 3579 idem
460 3524 486 3561 11
501 3526 673 3596 marsupium
685 3525 760 3594 quod
772 3523 970 3594 deportationis
987 3523 1046 3592 ejus
1059 3521 1188 3578 viaticum
1201 3538 1288 3577 reser-

54 3701 87 3711 -
98 3672 111 3708 ⁸
121 3671 222 3727 lectulo
230 3673 255 3738 4,
266 3673 291 3727 5.
300 3702 333 3711 -
344 3672 508 3744 ¹(aitquod)
520 3690 545 3728 s.
557 3674 592 3729 sd
604 3690 628 3728 e.
639 3690 661 3728 r.
672 3690 698 3728 v.
713 3689 737 3728 e.
749 3673 767 3727 f.
780 3689 806 3742 q.
817 3673 842 3735 5,
853 3674 882 3736 5;
894 3689 918 3726 ιι.
930 3672 965 3726 sd
978 3687 1001 3726 e.
1014 3688 1034 3725 r.
1047 3670 1110 3725 vide
1122 3686 1186 3725 ecee
1198 3686 1248 3741 ego
1257 3672 1274 3725 3
1279 3689 1287 3737 3

55 3770 77 3810 r.
89 3753 181 3825 inquit
192 3755 218 3809 ei
229 3772 255 3810 ι.
265 3770 288 3810 e.
300 3755 319 3810 i.
329 3772 354 3825 q.
366 3756 391 3811 4.
402 3783 435 3797 -
446 3756 459 3791 1
470 3755 631 3811 imminente
642 3756 666 3823 3,
677 3758 702 3811 5.
713 3786 745 3794 —
758 3756 770 3791 1
781 3755 871 3824 ipsum
890 3772 940 3809 orn.
949 3755 1000 3808 5-5.
1012 3785 1044 3793 -
1057 3753 1081 3788 ¹⁰
1094 3757 1251 3823 assumptus
1262 3754 1287 3818 5,

53 3838 79 3903 4,
90 3838 116 3892 5.
127 3864 161 3877 -
173 3838 196 3873 ¹¹
205 3837 258 3892 sibi
270 3840 332 3894 add.
344 3840 368 3903 5,
376 3840 401 3904 4,
412 3840 437 3893 5.
449 3868 482 3877 -
495 3839 713 3894 ¹¹misericordis
724 3839 790 3892 5.-
802 3838 825 3872 11
835 3840 869 3906 (g.
880 3839 914 3904 r.)
927 3853 948 3891 r.
963 3853 987 3906 g.
999 3838 1044 3890 54
1054 3855 1061 3902 ;
1073 3853 1094 3890 ι.
1110 3836 1287 3890 tabernacula

53 3921 117 3974 5.-
131 3920 155 3955 11
164 3920 202 3986 (ιι.
211 3923 247 3987 e.)
259 3920 443 3975 universalem
452 3922 588 3977 institutio
596 3923 625 3986 5;
637 3938 663 3977 u.
674 3921 787 3977 instituo
799 3920 852 3974 3-5.
861 3948 895 3960 -
904 3920 928 3954 11
939 3920 968 3986 (i.
980 3919 1012 3986 r.)
1024 3936 1073 3973 om.
1081 3919 1132 3973 5-5.
1141 3947 1171 3957 -
1183 3919 1205 3953 11
1215 3919 1246 3986 (s.
1256 3922 1287 3983 tl

53 4006 144 4057 totum
154 4019 184 4058 se
195 4004 227 4069 5;
240 4007 367 4058 soletum
378 4005 446 4057 4.-
458 4004 481 4039 11
488 4005 590 4059 adduxi
609 4006 660 4060 3-5.
670 4033 703 4042 -
712 4004 735 4038 11
747 4005 893 4058 totusodd.
902 4002 1057 4058 s·5.-¹⁰et
1067 4003 1091 4056 5.
1107 4030 1140 4039 -
1149 4001 1173 4035 11
1185 4001 1287 4055 debeas

52 4087 78 4150 4,
86 4088 112 4139 5.
135 4114 154 4124 -
165 4085 189 4120 11
200 4084 245 4141 ille
255 4088 318 4140 odel.
329 4087 382 4142 55.
392 4117 424 4127 -
437 4086 462 4121 11
474 4088 512 4154 (et
523 4087 659 4157 quis-quis
671 4086 756 4153 enim)
766 4104 817 4141 om.
828 4087 852 4140 3.
863 4113 893 4124 —
906 4085 930 4120 11
937 4085 967 4153 (f.
976 4089 995 4140 t.
1006 4084 1036 4153 t.)
1048 4088 1124 4138 tenta
1134 4088 1152 4137 t.
1163 4083 1183 4136 f.
1195 4085 1219 4149 5,
1229 4084 1254 4148 4,
1262 4083 1287 4137 5.

52 4194 87 4207 ·-
98 4167 123 4202 11
135 4168 164 4234 (t
175 4167 214 4233 b.)
225 4167 252 4223 b.
261 4171 279 4222 t.
288 4170 354 4223 4.-
365 4168 390 4203 11
399 4169 434 4239 (g.
447 4169 481 4236 e.)
493 4169 585 4239 glories
595 4170 619 4223 3.
627 4197 660 4207 -
672 4169 696 4204 11
705 4167 803 4222 accidit
811 4170 834 4231 5,
847 4169 870 4232 3,
879 4169 903 4222 5.
916 4195 947 4206 -
956 4167 1017 4234 ¹¹(t.
1029 4166 1077 4231 ιιι.)
1090 4183 1140 4221 om.
1152 4166 1182 4229 5,
1193 4168 1287 4219 minen

52 4252 105 4305 35.
114 4279 147 4288 -
155 4250 180 4285 11
192 4250 224 4317 (s.
235 4250 266 4317 t)
274 4252 452 4306 subamarum
461 4252 546 4306 titulis
555 4254 584 4317 5;
593 4251 743 4306 sublimem
752 4255 770 4305 t
780 4252 804 4305 5.
813 4278 844 4288 -
855 4251 880 4286 11
888 4255 998 4319 tempus
1006 4250 1030 4303 5.
1039 4249 1103 4287 -11
1115 4247 1287 4317 imperatoris

51 4334 77 4387 2
88 4361 122 4373 -
132 4333 155 4368 11
168 4337 320 4389 retrectans
330 4335 347 4388 5
356 4353 363 4398 ;
373 4334 514 4404 cognoscis
524 4337 549 4389 4.
566 4365 597 4374 -
608 4334 633 4369 11
647 4336 683 4403 (p.
695 4339 714 4388 t.
726 4335 764 4401 s.)
775 4350 802 4402 p.
816 4348 840 4386 a.
854 4338 871 4386 t
889 4334 912 4397 5,
925 4334 958 4397 4;
969 4331 1143 4400 beneplacito
1162 4347 1187 4385 a.
1199 4334 1218 4385 t.
1229 4332 1253 4397 3,
1263 4333 1287 4385 5.

51 4444 86 4454 -
98 4415 159 4470 ”et
177 4418 240 4471 odd.
251 4418 275 4482 5,
286 4418 309 4483 4,
321 4417 346 4472 5.
357 4444 389 4457 -
406 4417 431 4453 11
443 4422 471 4472 et
482 4419 546 4471 adh.
557 4419 581 4471 4.
595 4445 625 4456 —
641 4417 665 4452 11
675 4417 835 4485 patientiam
849 4431 870 4469 s.
883 4419 911 4469 et
927 4416 981 4469 5-5.
992 4442 1026 4452 —-
1037 4414 1061 4449 11
1071 4413 1179 4467 animus
1190 4413 1214 4479 3,
1226 4415 1251 4479 4,
1261 4414 1288 4468 5.

51 4527 86 4537 -
94 4498 120 4533 11
131 4516 183 4553 om.
191 4500 216 4564 4,
227 4501 292 4554 5.-
303 4499 327 4534 11
338 4499 373 4566 (e.
384 4501 433 4565 m.)
446 4500 601 4555 eommunis
611 4499 685 4554 enim
694 4501 747 4553 5-5.
758 4525 791 4538 -
801 4498 827 4533 11
838 4515 889 4552 om.
901 4499 925 4561 4,
939 4498 965 4551 5.
976 4523 1009 4536 -
1018 4497 1043 4532 ⁴⁰
1056 4497 1092 4565 (n.
1102 4498 1139 4563 ιι.)
1151 4511 1208 4550 ιιοιι
1218 4496 1244 4561 5,
1254 4497 1287 4561 4;

50 4598 105 4637 nec
124 4582 149 4636 5.
162 4609 194 4620 -
212 4580 238 4617 11
255 4599 305 4637 orn.
316 4583 342 4637 5.
353 4609 386 4622 -
395 4583 421 4619 11
432 4583 638 4652 (pertineas-me
657 4582 694 4649 et)
706 4599 757 4636 om.
766 4583 790 4635 3.
802 4610 835 4619 -
845 4580 870 4615 11
880 4580 920 4647 (es
938 4597 963 4634 s.
973 4595 996 4633 e.
1013 4582 1047 4649 g.)
1060 4595 1093 4633 ex
1105 4595 1129 4648 g.
1148 4594 1171 4633 e.
1183 4594 1208 4633 a.
1219 4579 1244 4633 4.
1254 4604 1289 4618 -

52 4663 79 4699 11
90 4662 201 4718 animus
212 4664 236 4718 3.
245 4663 311 4702 -11
323 4664 357 4728 (e.
370 4665 399 4731 i.)
411 4666 555 4735 factusque
571 4667 595 4729 5,
607 4666 631 4730 4,
640 4667 664 4719 5.
676 4692 707 4703 -
719 4664 744 4699 11
755 4680 822 4718 vero
833 4664 858 4729 3,
869 4663 893 4716 5.
905 4691 938 4702 -
949 4662 973 4697 11
985 4660 1136 4730 insignibus
1147 4662 1171 4728 5,
1182 4663 1207 4727 4,
1217 4661 1242 4715 5.
1255 4687 1287 4700 -

48 4746 78 4784 11
86 4746 126 4816 (d.
135 4763 160 4801 s.
174 4746 210 4815 p.)
219 4761 246 4816 p.
257 4747 283 4801 d.
295 4762 319 4801 a.
331 4747 356 4801 4.
368 4747 434 4789 -11
445 4750 475 4812 (s.
488 4748 516 4815 i.)
528 4763 609 4803 suum
621 4746 688 4802 illud
698 4748 722 4813 5,
733 4747 758 4813 4,
768 4749 793 4801 5.
