3338 5394
282 351 375 403 BIBL.
393 351 474 403 ΗΒΕ.
494 353 667 404 satiasti.
687 374 734 385 ·-
754 353 902 407 APPEND.
920 356 968 407 ΔΙ)
985 356 1065 407 COD.
1083 346 1122 407 N⁰
1139 353 1263 409 atti-ta.
1319 336 1389 413 241

159 554 216 592 suae
234 539 334 608 effigiei
354 540 529 610 episcopatus
541 559 624 596 causa
636 542 784 627 imaginem
797 543 880 597 dedit
892 543 983 610 Quare
991 544 1121 598 monachi
1134 545 1256 613 predicti
1272 546 1333 612 loci,
1351 547 1392 602 ira

158 638 298 702 commoti,
320 655 452 708 organum
470 640 641 708 jubilationis
654 641 790 696 invocem
802 641 915 696 flectunt
926 641 1042 697 tristitiae
1059 646 1087 696 et
1104 645 1392 700 macroris.Praedictus
1480 686 1490 702 ,

158 736 260 807 etenim
272 738 425 792 monachus
437 739 538 792 summi
551 744 577 792 et
590 739 814 808 incomparabilis
826 740 876 793 riri
888 739 1008 795 Gildardi
1021 741 1251 809 Rothomagensis
1268 742 1389 796 ecclesia

158 834 354 905 archiepiscopi
366 835 496 890 scrinium
514 826 585 893 miro
603 855 686 908 opere
707 839 853 907 sculptum,
871 839 945 906 qaod
964 838 1033 892 diva
1051 839 1192 893 memoriae
1212 841 1388 909 antiquorum

125 945 141 994 5
158 933 211 988 dux
230 934 493 1000 Northmaunorum,
503 937 659 992 llichardns
677 937 798 1001 nomine,
810 942 904 992 sancto
917 938 1030 991 dederat
1047 937 1175 992 Gildardo
1188 939 1224 992 ob
1236 940 1388 995 remedium

158 1031 256 1085 animae
267 1048 332 1094 sura,
344 1034 486 1087 destruxit.
505 1035 554 1087 Cui
575 1035 672 1088 beatus
685 1034 829 1089 Gildardus
841 1034 869 1087 in
886 1034 991 1088 somnis
1009 1051 1144 1103 apparens
1155 1035 1212 1089 ait:
1232 1038 1254 1089 0
1269 1041 1389 1106 episcope

157 1132 307 1186 dearuclor
318 1140 342 1185 et
353 1151 406 1186 noa
423 1142 568 1202 reparator
586 1137 698 1188 ccclesia
716 1136 768 1188 Dei
776 1143 880 1200 sancta,
892 1137 989 1202 utquid
1007 1143 1129 1188 riostrum
1147 1137 1307 1190 destruxisti
1317 1140 1387 1192 locre-

157 1231 235 1283 lum?
252 1230 299 1284 llle
311 1247 377 1285 vero
389 1233 595 1300 expergefactus
607 1249 623 1287 a
636 1249 734 1286 somno
752 1238 780 1286 et
798 1235 911 1287 tandem
928 1232 1026 1286 ultimo
1039 1238 1193 1302 praeventus
1211 1235 1265 1288 fine
1278 1235 1386 1291 termini

157 1328 336 1398 suispiritum
354 1331 494 1385 exhalavit
511 1338 573 1401 post
590 1333 612 1385 V
631 1349 740 1386 menses
751 1348 808 1386 sua
820 1332 1009 1396 ordinationis,
1021 1337 1049 1386 et
1060 1333 1183 1401 sepultus
1201 1337 1243 1387 cst
1260 1334 1387 1404 indignus

109 1438 140 1488 to
157 1433 251 1482 sancto
263 1429 324 1483 loco
337 1426 438 1484 sanctes
450 1431 585 1486 Ecclesia.
606 1433 629 1486 0
650 1432 719 1485 mira
738 1431 799 1485 res!
818 1432 884 1485 dum
897 1432 1059 1485 decantatur
1070 1432 1221 1500 capitulum
1243 1433 1387 1502 “abyssus

157 1526 284 1595 abyssum
297 1528 408 1583 invocat
421 1571 432 1594 ,
446 1572 451 1593 ,
465 1535 492 1583 et
503 1536 601 1595 cetera,
619 1537 650 1585 ut
670 1536 785 1584 testatur
802 1531 937 1585 veridicus
956 1535 983 1583 et
1001 1530 1386 1588 ecclesiasticusordosanctae

157 1626 247 1680 lliariae
259 1632 287 1681 et
298 1628 372 1681 beati
384 1628 514 1693 biedardi,
524 1634 595 1683 terra
608 1630 733 1699 aperiens
745 1646 776 1683 os
791 1647 872 1685 suum
891 1629 1045 1698 degluttirit
1063 1645 1162 1698 corpus
1179 1631 1245 1698 ejus.
1257 1631 1386 1695 Audiant,

157 1725 205 1792 qui
216 1731 376 1781 sanctorum
389 1745 433 1782 res
445 1729 544 1796 injuste
554 1730 682 1783 auserunt
691 1733 718 1782 et
729 1746 776 1782 eas
788 1746 837 1800 pro
849 1729 928 1783 libitu
941 1728 1042 1797 quibus
1060 1730 1157 1783 volunt
1174 1730 1306 1785 tribuunt.
1315 1732 1386 1786 Tali-

157 1823 208 1876 bus
220 1826 360 1879 miraculis
372 1828 465 1881 dirina
474 1829 582 1883 bonitas
592 1833 701 1882 sanctos
709 1845 774 1882 suos
782 1828 934 1897 glorificare
943 1827 1077 1897 dignatur,
1087 1832 1118 1882 ut
1126 1829 1172 1897 qui
1183 1830 1286 1884 mundo
1295 1832 1386 1886 adhuc
1427 1856 1430 1861 ·

110 1933 141 1981 ts
159 1921 281 1976 virentes
294 1924 403 1992 gloriosi
415 1931 608 1994 apparuerunt,
620 1925 794 1994 gloriosiores
806 1926 945 1995 conjuncti
963 1926 1093 1996 angelicis
1110 1927 1216 1981 civibus
1228 1932 1386 1998 appareant.

198 2021 232 2078 5.
261 2020 365 2077 Genera
382 2023 469 2077 nobili
486 2028 567 2077 natus
584 2024 696 2091 quidam
714 2040 807 2077 comes
824 2023 936 2076 nomine
948 2022 1116 2086 Heribertus,
1128 2024 1265 2079 Heriberti
1277 2024 1386 2081 comitis

158 2120 249 2189 magni
262 2121 371 2188 tyranni
383 2119 463 2184 filius,
476 2120 633 2174 divitiarum
643 2121 818 2174 multitudine
829 2120 935 2189 pollens
946 2125 1029 2189 atque
1042 2120 1175 2174 militibus
1188 2121 1313 2187 vallatus,
1324 2139 1386 2192 pru·

157 2218 285 2272 dentibus
307 2218 436 2272 omnibus
457 2219 579 2287 praeibat
600 2219 741 2273 Ludorico
761 2219 853 2287 itaque
874 2235 935 2287 rege
955 2217 1122 2272 Francorum
1141 2206 1168 2272 et
1184 2219 1385 2287 aquitanorum

158 2317 299 2371 communi
313 2322 401 2371 morte
414 2318 551 2381 defuncto,
563 2317 677 2386 Egiram
686 2317 808 2387 reginam
820 2317 857 2383 (1)
866 2316 1025 2370 Heribertus
1041 2333 1134 2370 comcs
1145 2322 1241 2386 postea
1252 2319 1281 2372 in
1293 2318 1386 2387 conju-

109 2425 142 2476 au
159 2433 221 2485 gem
234 2416 338 2485 accepit
350 2434 398 2486 pro
417 2433 527 2471 summa
539 2416 610 2470 dote.
629 2417 681 2484 Qui
694 2416 718 2469 ei
732 2416 842 2470 tradidit
855 2416 960 2479 domos,
979 2432 1050 2478 rura,
1068 2415 1176 2485 oppida,
1193 2416 1271 2469 uillas
1289 2422 1316 2470 et
1332 2416 1387 2471 alia

157 2515 290 2571 beneficia
309 2516 342 2569 de
360 2515 528 2570 monasterio
546 2520 704 2570 sauctorum
718 2514 879 2577 Sebastiani,
896 2514 1018 2583 Gregorii
1035 2518 1118 2582 alque
1135 2513 1264 2568 biedardi.
1281 2514 1387 2569 Accidit

157 2630 222 2684 ergo
234 2615 310 2683 quod
327 2615 355 2668 in
372 2614 560 2668 infirmitatem
578 2615 640 2678 lecti
658 2614 766 2669 decidit.
783 2614 877 2667 Abbas
894 2630 960 2667 vero
980 2613 1068 2666 sancti
1089 2613 1208 2667 biedardi
1219 2613 1387 2678 (transiens

157 2713 233 2769 illum
255 2712 520 2783 appropinquantem
545 2715 579 2767 ad
604 2720 757 2768 extremum
783 2730 840 2767 sure
867 2713 964 2767 mortis
984 2712 1066 2775 diem,
1087 2712 1251 2781 quantocius
1267 2713 1302 2766 ad
1323 2729 1387 2767 eum

157 2813 238 2867 venit.
250 2813 312 2880 Quo
331 2813 491 2882 deprecatus
503 2817 544 2866 est
556 2830 628 2877 eum,
641 2819 672 2868 ut
683 2813 808 2867 redderet
820 2812 950 2882 quicquid
966 2811 1000 2865 de
1010 2812 1071 2880 jure
1083 2812 1171 2865 sancti
1183 2811 1302 2866 biedardi
1315 2817 1387 2866 tene·

108 2916 140 2967 au
156 2917 206 2966 ret.
215 2912 263 2965 llle
273 2912 377 2965 malitia
387 2913 491 2982 plenus,
499 2913 590 2966 cordis
599 2913 700 2966 duritia
709 2917 809 2982 septus,
820 2911 948 2981 principis
960 2911 1002 2964 sui
1015 2911 1118 2964 diaboli
1130 2911 1260 2981 ligamine
1272 2911 1387 2977 vinctus,

156 3010 216 3064 haec
225 3011 319 3064 omnia
328 3010 473 3079 denegavit
483 3011 586 3063 audirer
596 3009 690 3063 Abhas
703 3010 831 3078 posthac,
839 3025 1007 3078 quamquam
1021 3008 1100 3061 valde
1111 3012 1232 3071 maestus,
1243 3009 1278 3062 ad
1291 3025 1387 3062 mona·

156 3109 270 3163 sterium
282 3112 324 3163 est
335 3124 461 3162 reversus
474 3124 555 3161 orans
568 3109 655 3162 Deum
670 3114 700 3161 ut
717 3125 767 3161 sua
780 3106 832 3161 sibi
846 3107 979 3160 redderet.
990 3105 1076 3159 Nocte
1088 3104 1259 3172 adveniente,
1271 3107 1387 3162 custodi-

157 3208 209 3262 bus
220 3208 311 3262 adhuc
329 3206 513 3276 vigilantibus,
526 3207 683 3261 daemonum
701 3206 807 3260 sonitus
818 3205 981 3259 audiebatur
998 3205 1033 3258 ab
1046 3205 1086 3258 eis
1097 3206 1223 3275 superius
1235 3210 1262 3259 et
1275 3205 1387 3260 inferius

157 3306 229 3360 circa
237 3311 409 3359 mortuorum
419 3304 565 3373 sepulchra
576 3309 604 3358 et
612 3321 660 3374 per
669 3321 766 3374 gyrum
778 3304 947 3368 monasterii,
957 3303 1040 3357 veluti
1053 3307 1163 3356 caterva
1175 3303 1299 3373 equitum
1309 3304 1387 3368 ioret,

107 3409 140 3462 ³0
158 3405 296 3474 paulisper
310 3410 459 3474 antequam
482 3420 576 3457 comes
596 3403 641 3457 ille
661 3404 822 3457 Heribertus
842 3402 973 3456 ministris
993 3403 1101 3455 Satanae
1122 3402 1233 3456 tradidit
1252 3402 1387 3470 spiritum.

157 3503 241 3572 igitur
253 3507 400 3579 postquam
417 3501 511 3555 amisit
521 3517 619 3554 auram
631 3500 786 3569 spiraminis
795 3499 866 3566 vitae,
878 3501 912 3553 ad
925 3500 1122 3554 monasterium
1134 3501 1222 3553 sancti
1233 3500 1353 3554 biedardi
1370 3517 1387 3554 a

158 3602 215 3656 suis
227 3601 360 3657 militibus
377 3599 511 3670 plorando
523 3598 660 3668 simulque
672 3599 805 3653 tristando
823 3615 922 3668 corpus
933 3600 992 3667 ejus
1007 3597 1120 3652 allatum
1139 3602 1179 3651 est
1191 3604 1219 3651 ct
1236 3598 1273 3650 ibi
1290 3598 1387 3652 huma-

158 3705 218 3755 tum
228 3705 302 3754 retro
311 3699 397 3753 sancti
409 3698 527 3752 Tiburtii
538 3698 699 3762 oratorium,
710 3697 757 3750 ubi
770 3698 928 3751 damonum
939 3713 1042 3750 cuneus
1054 3697 1088 3750 de
1103 3697 1161 3765 eius
1173 3697 1292 3751 adventu
1304 3702 1386 3751 autea

157 3800 311 3854 laetabatur.
329 3799 359 3852 ln
371 3797 460 3852 noctis
476 3813 542 3851 rero
561 3796 675 3866 caligine
697 3790 771 3850 venit
788 3797 900 3865 angelus
917 3795 1027 3849 Domini
1044 3795 1185 3864 sanctique
1202 3796 1386 3860 Sebastianus,

109 3903 142 3955 ld
159 3897 305 3968 Gregorius
316 3901 343 3951 et
355 3895 498 3950 biedardus
508 3894 537 3950 in
547 3895 654 3950 somnis
664 3895 699 3948 ad
711 3895 840 3949 abbatem
852 3911 907 3949 una
919 3895 1074 3965 inquientes
1087 3914 1092 3948 :
1104 3896 1161 3949 Cur
1172 3897 1250 3948 illum
1267 3898 1386 3949 omnium

157 3999 296 4053 bominum
314 3999 551 4053 sceleratissimum
563 4000 634 4050 inter
645 3999 716 4051 ulios
726 3999 848 4050 honestos
859 3998 994 4050 collocasti
1010 3997 1161 4049 mortales?
1174 3997 1228 4048 Hic
1238 4013 1255 4048 a
1266 3998 1386 4063 pueritia

157 4098 230 4150 mala
239 4099 359 4151 cranium
368 4100 494 4151 citiorum
508 4100 611 4165 dilexit,
621 4100 720 4152 scilicet
727 4100 845 4164 furtum,
856 4095 1040 4161 lroaricielium,
1049 4097 1222 4161 udrtlterium,
1235 4097 1352 4161 rupinae
1362 4102 1386 4148 et

156 4197 214 4249 alia
226 4197 310 4250 mula.
325 4196 362 4250 Ob
379 4213 462 4264 quom
478 4213 535 4249 rem
547 4213 645 4264 corpus
662 4198 721 4263 ejus
738 4204 810 4250 arcete
827 4198 955 4250 daciones
971 4196 1140 4248 abstulerant
1151 4200 1174 4246 et
1186 4195 1222 4245 uel
1238 4192 1385 4246 Tartareae

190 4391 226 4456 (l)
246 4390 350 4444 Eodem
368 4391 452 4445 eliam
472 4390 584 4445 nomine
605 4391 762 4460 designatur
774 4390 802 4444 iu
814 4393 872 4445 Act.
893 4392 940 4444 SS.
961 4390 1046 4453 (biart
1068 4393 1133 4443 tom.
1152 4390 1184 4452 ll,
1201 4405 1228 4458 p.
1246 4390 1304 4454 750)
1325 4389 1383 4442 haec

157 4472 277 4527 Eduardi
297 4473 368 4542 regis
385 4474 534 4542 Anglorum
547 4473 611 4540 filia,
624 4490 684 4542 quae
697 4478 724 4527 et
737 4474 869 4543 Ethgiwa,
881 4472 1023 4542 Ottogeba,
1036 4472 1129 4541 Ogiva,
1147 4475 1198 4525 etc.
1214 4471 1320 4525 dicitur.
1337 4471 1385 4525 Est

156 4557 249 4609 antem
264 4557 345 4609 tertia
362 4555 451 4609 Caroli
469 4555 605 4625 Simplicis
621 4572 699 4621 uxor,
714 4560 802 4608 mater
814 4555 946 4609 Ludorici
959 4555 1003 4619 lV,
1016 4556 1064 4623 qui
1077 4554 1187 4623 quidem
1200 4569 1313 4606 erronee
1330 4553 1384 4608 hoc

155 4635 218 4690 loeo
227 4641 354 4691 mortuus
365 4638 489 4692 retertur.
502 4638 581 4701 (Vide
590 4638 736 4692 Flodoardi
748 4640 849 4692 Anncl.
863 4637 897 4690 ad
910 4653 973 4692 ann.
986 4639 1043 4691 aar.
1054 4664 1087 4674 -—
1099 4635 1196 4705 iligna,
1208 4636 1225 4689 l.
1237 4652 1268 4699 c,
1280 4653 1305 4705 p.
1316 4637 1385 4704 478).

155 4746 188 4758 -
201 4719 237 4786 (ἲ)
250 4718 370 4775 Odoleus
380 4719 439 4774 sire
451 4716 593 4775 Odolenus'
602 4721 686 4786 (Gall.
702 4712 809 4786 Christ,
822 4725 887 4775 tom.
899 4720 943 4785 lli,
955 4737 980 4790 p.
988 4718 1056 4783 413).

254 4819 349 4857 carra
366 4818 450 4858 saux.
465 4820 490 4858 r.
508 4821 536 4858 ιι.
1256 4801 1287 4854 16
