3338 5394
194 328 267 402 394
528 351 655 402 caran.
682 351 785 403 couu.
811 350 1086 402 aaarouaarnrc.

196 557 282 595 unum
299 542 426 596 avulsum
444 542 597 610 aquodam
615 539 717 594 llissali
729 540 764 593 ad
782 556 863 594 usum
879 539 999 594 ecclesia
1019 540 1187 595 Leodiensis.
1198 539 1283 594 Tituli
1295 538 1428 593 rubricati

194 646 267 704 sunt,
278 641 399 711 itemque
411 641 532 709 majores
543 640 649 695 littera.
660 639 723 694 Fuit
734 641 760 694 S.
772 640 913 695 Laurentii
926 645 956 694 ut
972 640 1071 708 conjici
1086 639 1151 694 licet
1162 656 1196 694 ex
1207 639 1310 694 notulis
1326 639 1429 708 quibus

196 739 333 795 indicatur
343 739 419 793 locus
427 755 510 808 quern
522 740 550 793 in
564 738 732 793 bibliotheca
744 739 892 793 obtinebat.

229 839 332 893 Praeter
342 839 454 892 missam
467 839 495 893 iu
505 839 576 893 testo
586 839 630 892 die
641 838 668 892 S.
684 838 832 902 Lamberti,
845 839 939 907 inqua
951 841 1053 894 inserta
1066 844 1108 894 est
1119 840 1178 893 brec
1189 838 1350 907 sequentia:

527 989 690 1042 Lambertus
706 994 810 1058 martyr
826 989 855 1043 in
873 996 1021 1058 conspectu
1037 989 1148 1043 Domini

527 1087 577 1140 Die
596 1088 648 1140 ista
665 1087 792 1156 apparuit
809 1104 871 1141 cum
889 1087 983 1156 gloria,

448 1230 453 1245 ,
527 1186 754 1255 congratulemur
771 1188 799 1241 in
816 1187 896 1241 laude
913 1191 968 1249 tua,

527 1287 608 1348 Deus,
626 1302 690 1340 cum
708 1290 818 1340 caterva

526 1385 727 1439 Coucinuentes
738 1384 868 1454 angelica.

232 1533 394 1587 Continetur
409 1533 462 1587 hoc
480 1535 696 1588 documentum:

298 1731 383 1805 Vita
404 1732 440 1804 S.
472 1732 687 1824 Hieronymi
709 1731 912 1825 presbyteri
937 1738 973 1807 et
997 1731 1218 1807 confessoris
1241 1732 1318 1824 (tol.
1355 1732 1432 1805 12*-

352 1848 435 1939 17¹).

235 1977 300 2030 Hac
313 1976 369 2030 vita
380 1976 504 2044 proxime
516 1975 621 2029 accedit
633 1976 667 2028 ad
680 1975 754 2029 illam
768 1992 829 2045 quae
841 1975 913 2030 edita
926 1981 967 2031 est
979 1978 1052 2045 apud
1063 1977 1160 2046 ilique,
1177 1977 1206 2030 P.
1218 1976 1256 2040 L,
1271 1982 1339 2030 tom.
1348 1975 1432 2040 XXH,

202 2092 226 2144 p.
239 2076 287 2129 aot
300 2092 358 2144 sqq.

350 2487 515 2575 cdxix.
544 2486 666 2574 codex
691 2489 875 2598 signatus
900 2506 945 2572 n⁰
973 2486 1239 2587 10615-729(
1263 2495 1291 2586 ).

237 2729 376 2784 Foliorum
385 2730 484 2796 ntia),
492 2730 589 2784 mediae
599 2731 694 2784 forma
704 2732 807 2795 (0¹²,lll
817 2739 842 2788 ><
851 2733 943 2797 oden),
953 2731 1025 2786 binis
1035 2732 1195 2802 plerumque
1204 2730 1347 2793 columnis,
1354 2730 1435 2784 lineis

206 2834 264 2883 tum
275 2829 407 2898 graphide
419 2833 477 2882 tum
490 2829 560 2897 stylo
574 2830 661 2883 ferreo
675 2829 769 2887 ductis.
784 2830 876 2884 seculo
888 2830 936 2883 llll
948 2835 1076 2883 exaratus
1101 2829 1199 2883 litteris
1217 2828 1387 2895 minusculis,
1404 2833 1435 2882 ut

206 2929 296 2983 scriba
314 2929 393 2983 nobis
410 2929 563 2997 significare
577 2929 702 2983 videatur
715 2946 745 2983 se
756 2928 783 2982 in
796 2935 888 2983 mente
900 2930 1030 2984 habuisse
1043 2929 1191 2982 maximam
1205 2929 1434 2982 documentorum

206 3027 262 3082 vim
273 3027 387 3081 minimo
400 3028 490 3096 spatio
503 3028 674 3082 concludere.
686 3027 741 3082 Nec
754 3044 817 3082 eum
829 3045 878 3097 spe
888 3044 938 3082 sua
950 3029 1111 3082 frustratum
1127 3028 1210 3081 luisse
1222 3027 1294 3081 ultro
1306 3027 1437 3081 fatebitur

205 3127 254 3196 qui
270 3127 329 3181 sive
347 3127 375 3180 in
393 3128 549 3181 inventario
565 3130 694 3195 pancrati,
707 3127 765 3181 sive
777 3128 850 3195 apud
867 3127 900 3181 de
913 3126 1087 3195 Reiffenberq
1100 3125 1145 3192 (3),
1157 3127 1215 3180 sive
1233 3126 1260 3179 in
1284 3128 1387 3180 Archiv
1399 3128 1436 3192 (t)

205 3226 292 3280 oculis
304 3226 493 3294 perstrinxerit
504 3228 602 3280 seriem
616 3226 845 3280 documentorum
858 3244 919 3294 quoe
931 3227 1017 3280 codex
1031 3225 1229 3295 complectitur,
1242 3241 1359 3294 quorum
1375 3226 1437 3294 qui·

207 3326 269 3379 dem
283 3326 390 3379 baecest
398 3331 504 3388 natura,
513 3330 544 3378 ut
553 3326 610 3378 lere
622 3342 707 3379 nemo
719 3325 889 3379 mediaevalia
898 3326 1192 3395 poematarhyimosve
1200 3323 1346 3378 scientifice
1355 3325 1437 3378 edere

207 3424 301 3491 possit,
313 3424 379 3492 quin
391 3423 514 3477 codicem
528 3423 725 3493 aliquantisper
737 3425 867 3477 conferat.
885 3424 964 3491 Quod
981 3424 1081 3477 lactum
1099 3423 1182 3477 fuisse
1194 3427 1329 3477 testantur
1339 3427 1367 3476 et
1379 3440 1437 3476 mo

209 3637 365 3698 Laudibus;
383 3636 503 3704 itemque
522 3636 568 3691 iol.
586 3637 630 3690 87¹
652 3637 812 3705 antiphonia
829 3637 950 3690 dicendae
971 3636 998 3690 in
1019 3636 1166 3689 festivitate
1184 3640 1284 3689 sancta
1301 3636 1391 3689 Mariae
1409 3636 1437 3690 in

208 3718 291 3772 coelos
313 3723 469 3787 assumpte.
489 3719 553 3772 Tria
577 3719 660 3773 etiam
681 3721 771 3787 prima
793 3719 867 3780 lolia,
882 3719 939 3785 jam
959 3719 1038 3771 tertia
1057 3734 1113 3771 suae
1133 3718 1284 3771 latitudinis
1304 3724 1381 3786 parte
1402 3719 1439 3772 ab

208 3801 294 3855 inscio
314 3805 489 3869 compactore
510 3802 631 3869 praecisa,
644 3801 798 3869 pertinuere
819 3800 885 3854 olim
904 3800 938 3853 ad
956 3801 1094 3869 quoddam
1114 3800 1289 3854 breviarium.
1301 3829 1330 3838 -
1346 3801 1438 3854 Codex

208 3883 330 3953 signatus
349 3885 478 3947 1009097,
496 3885 561 3937 olim
580 3884 823 3938 Sanlaurentianus
840 3883 915 3936 nullo
933 3883 1061 3935 modoad
1075 3882 1440 3950 hagiographicospertinet.

208 3997 241 4006 -
251 3966 288 4032 (1)
298 3965 392 4019 Obiter
404 3970 532 4020 notamus
545 3968 666 4020 codicem
680 3966 817 4035 signatum
831 3966 964 4030 1017073,
982 3964 1077 4032 inquo
1090 3963 1182 4017 seculo
1194 3964 1218 4017 ll
1230 3963 1364 4032 descripta
1376 3970 1442 4018 sunt

209 4053 339 4118 poemata
349 4048 475 4116 plurima,
487 4049 606 4102 maxime
619 4048 732 4102 Miconis
744 4048 873 4102 monachi
882 4049 907 4101 S.
917 4047 1038 4100 Richarii
1053 4047 1287 4114 (Sciat-Eiquier)
1299 4046 1440 4100 continere

210 4131 329 4198 hymnos
338 4131 414 4194 duos,
426 4147 442 4183 a
454 4130 566 4195 ilicone,
578 4136 609 4184 ut
618 4130 733 4194 videtur,
742 4130 890 4189 confectos,
902 4130 1019 4183 alterum
1038 4129 1072 4181 de
1084 4128 1109 4180 S.
1120 4128 1249 4181 Richario
1261 4128 1317 4191 (iol.
1327 4128 1381 4193 43¹)
1391 4129 1440 4196 qui

211 4212 320 4282 incipit:
334 4218 436 4267 Anima
443 4216 578 4280 festivitas
589 4216 685 4280 hodie‚·
693 4213 809 4266 alterum
820 4213 853 4266 de
865 4213 890 4264 S.
901 4210 1015 4264 Martino
1028 4210 1083 4274 (fol.
1096 4210 1158 4275 44¹).
1168 4209 1215 4277 qui
1232 4210 1342 4278 incipit:
1354 4211 1442 4263 Sucro

210 4297 383 4349 dieacolitur.
401 4295 547 4365 Reperitur
564 4296 591 4349 in
609 4296 707 4350 codem
725 4295 818 4348 codice
836 4293 1070 4362 martyrologium,
1082 4292 1156 4360 quod
1174 4291 1271 4344 dicitur
1287 4291 1441 4358 metricum,

212 4377 294 4448 vulgo
306 4378 386 4432 Beda
396 4379 563 4447 adscriptum
580 4378 637 4444 (fol.
655 4379 771 4444 1οῐ131),
788 4383 846 4430 turn
860 4376 1004 4444 descriptio
1017 4375 1202 4444 requuiarum,
1214 4391 1275 4443 quae
1288 4373 1316 4426 in
1328 4374 1442 4442 singulis

213 4460 268 4514 aris
286 4460 407 4514 ecclesiae
424 4460 570 4515 reconditae
588 4466 666 4529 erant
683 4460 740 4524 (iol.
753 4460 870 4525 ter-80¹).
879 4488 910 4496 -
923 4459 960 4525 (0)
972 4458 1042 4511 Bina
1053 4456 1119 4510 folia
1131 4461 1261 4510 notantur
1277 4460 1335 4510 tum
1349 4472 1442 4510 nume-

214 4558 245 4596 ro
258 4544 299 4607 51,
309 4548 365 4595 tum
379 4558 493 4596 numero
502 4543 566 4604 013;
579 4549 623 4596 ast
634 4543 756 4597 excisum
767 4546 808 4595 est
822 4543 879 4609 jam
893 4540 989 4594 folium
1003 4541 1076 4608 quod
1088 4539 1224 4607 signatum
1238 4543 1296 4591 erat
1307 4538 1338 4591 97
1344 4557 1351 4602 ;
1364 4539 1402 4592 ita
1411 4543 1443 4593 ut

213 4622 325 4677 demum
338 4622 432 4678 lolium
445 4624 572 4679 ultimum
586 4629 712 4678 notatum
726 4622 761 4676 sit
772 4623 828 4676 031.
838 4651 871 4659 -
881 4623 917 4687 (3)
930 4623 1075 4674 Ληηιιαίνι
1086 4623 1118 4673 de
1127 4621 1154 4672 lc
1166 4620 1340 4687 bibliotheque
1351 4622 1443 4686 royaie

214 4707 473 4774 cheiyiquc,1843,
485 4723 511 4775 p.
520 4708 551 4760 51
562 4722 620 4774 sqq.
633 4736 664 4745 —
675 4706 712 4773 (1)
725 4704 804 4758 Tom.
816 4701 885 4768 Vlll,
897 4721 941 4773 pp.
955 4704 1012 4768 535,
1023 4703 1080 4756 536.
