3270 5400
204 297 278 369 489
541 317 668 369 carun.
695 316 799 370 cono.
825 315 1103 370 aaaroaaaernc.

304 509 367 581 900
391 508 522 581 Passio
557 508 593 580 S.
623 504 782 579 Foillaui
815 504 951 599 egregii
981 507 1167 600 martyris,
1201 531 1288 602 quae
1319 513 1436 605 agitur

354 646 378 695 11
395 623 475 697 Kal.
493 621 713 696 Novembris
730 619 803 716 (fol.
827 622 1035 718 1070-1110).

239 751 318 806 Edita
328 752 401 816 ibid,
410 752 445 805 ad
456 753 482 805 d.
491 753 525 805 30
536 752 603 815 Oct,
614 756 682 804 tom.
691 750 761 814 XIII,
770 767 795 818 p.
805 751 854 804 385
866 767 925 819 sqq.

305 853 368 925 910
392 852 523 925 Passio
541 855 758 925 sauctorum
776 855 938 943 quatuor
966 851 1253 946 Coronatorum,
1270 877 1358 948 quae
1385 862 1435 930 est

354 976 405 1038 vr⁰
418 967 502 1040 idus
516 965 734 1040 Novembris
752 964 825 1061 (foi.
846 966 1051 1062 tir-115¹).

239 1096 320 1150 Edila
336 1095 410 1164 apud
422 1094 617 1158 Mambritium
632 1099 698 1148 tom.
711 1094 730 1147 1.

306 1197 368 1269 990
393 1196 523 1269 Passio
541 1195 661 1269 sancti
675 1216 718 1267 ac
736 1182 943 1267 beatissimi
960 1194 1116 1270 DiouIsii
1135 1195 1302 1292 episcopi
1327 1198 1433 1274 socio

355 1332 513 1403 rumque
530 1310 612 1403 ejus
628 1308 701 1405 (fol.
720 1309 927 1406 1150-1950).

239 1442 319 1496 Edita
328 1441 400 1510 apud
411 1439 520 1493 Surium
532 1440 566 1493 ad
575 1439 600 1492 d.
612 1440 628 1493 9
641 1439 700 1493 Oct

306 1543 368 1615 930
394 1541 446 1614 De
463 1539 676 1613 inventione
694 1545 730 1612 et
747 1539 991 1613 translatione
1008 1546 1226 1616 sauctorum
1245 1565 1432 1638 corpomm

353 1654 530 1749 Dyonisii‚
549 1654 693 1728 Rustici
711 1659 748 1726 et
764 1653 976 1746 Eleutherii,
990 1657 1179 1747 quomodo
1194 1681 1217 1732 a
1233 1659 1432 1753 Dagoberto

353 1769 621 1864 gloriosissimo
655 1791 740 1862 rege
774 1769 1004 1844 Francorum
1037 1771 1181 1846 inventi
1214 1781 1318 1849 sunt.
1352 1775 1432 1866 Quae

355 1887 560 1960 celebratur
577 1909 602 1958 x
618 1886 698 1959 Kal.
717 1884 804 1959 Maii
821 1884 895 1981 (fol.
920 1887 1126 1984 1950-1970).

240 2014 306 2069 vide
314 2030 405 2082 supra,
417 2030 443 2082 p.
455 2015 479 2078 3,
491 2015 542 2067 130.

305 2116 367 2188 940
392 2113 522 2188 Passio
554 2115 589 2188 S.
622 2113 820 2206 Grisogoui
852 2114 1038 2207 martyris,
1065 2136 1151 2208 quae
1181 2122 1241 2190 est
1270 2139 1332 2191 vur
1360 2118 1428 2193 Kal.

353 2230 566 2303 Decembris
582 2229 655 2324 (tol.
680 2230 888 2326 1970-1980).

238 2359 318 2414 uara
326 2359 398 2429 apuu
407 2358 602 2423 Mamurium,
611 2359 707 2412 tomi.

709 2581 929 2591 -—-.——-

427 2834 637 2950 Appendix
662 2833 713 2920 ad
738 2836 822 2925 cod.
851 2838 899 2925 D.
927 2833 1052 2923 Phili.
1082 2839 1220 2928 4632‘.

438 3104 477 3148 nn
498 3104 523 3147 s,
546 3101 709 3148 eruentae.
733 3082 811 3167 (Cir.
833 3102 942 3164 supra,
964 3102 1038 3166 pag.
1060 3083 1133 3163 480,
1155 3085 1214 3168 3⁰.)

252 3283 283 3337 1.
308 3281 340 3335 R.
353 3283 381 3334 et
397 3278 525 3333 omnibus
537 3277 581 3346 pie
598 3277 750 3346 legentibus
771 3277 799 3332 iu
816 3278 925 3332 Christo
938 3293 1055 3332 summa
1072 3277 1170 3332 salutis
1189 3295 1340 3335 summam.
1351 3281 1427 3336 l'iten

208 3383 283 3437 beati
292 3380 415 3451 Geugulii
427 3379 500 3448 apud
511 3395 562 3432 nos
574 3378 690 3431 scientes
702 3377 860 3447 repositam,
871 3378 951 3433 vobis
963 3378 1081 3448 delegari
1093 3377 1208 3448 petistis,
1228 3381 1429 3452 petitionemque

209 3485 327 3534 vestram
340 3482 435 3531 votum
448 3477 572 3544 adusque
583 3480 777 3544 persequentes
789 3475 922 3529 misimus.
934 3474 988 3530 Sed
999 3479 1031 3531 nt
1046 3493 1064 3530 a
1081 3475 1161 3530 vobis
1178 3480 1359 3546 postmodnm
1377 3495 1429 3549 pre

209 3579 309 3647 scripta
332 3578 466 3632 sententia
495 3577 586 3641 retert,
606 3576 762 3631 nudIvaus
787 3577 996 3646 reprehendisse
1020 3592 1139 3646 eamque
1159 3584 1316 3646 praenotato
1336 3580 1364 3634 in
1381 3579 1430 3633 loco

43 3675 126 3731 ‘cod
208 3678 332 3732 fidelium
348 3677 410 3731 fidei
424 3677 609 3730 damnandam
621 3677 643 3740 *,
660 3676 850 3730 detestandam
876 3676 1223 3746 anathematizandumque
1244 3679 1393 3742 tradidisse,
1410 3680 1455 3731 etl

9 3741 173 3862 dffffigffia'
209 3793 264 3846 qua
273 3776 361 3830 velitis
371 3781 495 3830 astruere
506 3775 643 3829 nescimus
652 3776 852 3829 auctoritatem.
863 3775 931 3829 Cum
942 3775 969 3828 id
981 3775 1131 3831 videamini
1141 3777 1276 3832 affectare
1285 3779 1366 3848 quasi
1374 3776 1432 3833 nos⁸

9 3874 173 3928 redundare.
209 3881 310 3940 nostra,
322 3880 371 3929 ant
380 3892 413 3928 ex
426 3878 501 3943 parte
511 3874 575 3927 dolo
588 3874 774 3942 figmentoque
786 3873 934 3942 compilata
945 3874 988 3940 sit,
1001 3890 1064 3928 cum
1082 3874 1223 3930 catholica
1235 3878 1396 3932 anctoritate
1405 3875 1432 3928 ab

209 3973 419 4042 religiosissImis
435 3971 616 4040 fidelibusque
629 3970 701 4035 uris,
720 3970 902 4025 ecclesiastica
920 3972 1045 4026 doctriua
1066 3972 1183 4026 eruditis
1200 3975 1264 4042 ejus
1281 3972 1433 4044 exemplant

210 4071 289 4125 vobis
301 4073 356 4125 siut
365 4070 472 4135 tradita,
484 4070 531 4138 qui
543 4070 571 4123 In
583 4070 667 4138 ipsius
676 4069 744 4123 sacri
760 4070 882 4139 corporis
890 4071 1044 4138 praesentia,
1054 4070 1199 4135 catholica,
1210 4072 1278 4127 dnm
1288 4072 1433 4132 advixerint

210 4169 331 4223 claruere
343 4169 474 4223 doctriua.
488 4168 593 4235 Quibus
604 4169 627 4221 si
644 4169 711 4236 quid
730 4169 769 4222 rei
790 4169 872 4236 buius
885 4168 1046 4238 impugnare
1069 4169 1198 4235 nitImini
1219 4170 1433 4232 luculentissuuo,
1446 4171 1467 4220 tt

210 4282 264 4334 quo
276 4265 418 4334 praeminet
430 4264 587 4318 testimonio
600 4280 695 4318 eorum
708 4281 738 4318 se
748 4265 869 4318 tuebitur
878 4264 1077 4332 comprobatio.
1090 4264 1210 4319 Proinde
1219 4267 1356 4322 miramur
1366 4271 1433 4320 tanta

209 4364 330 4418 scientim
348 4364 446 4427 ulrum,
465 4363 573 4418 virtutis
594 4363 832 4431 iutelligentiaeqnc
849 4362 1019 4417 sublimitate
1039 4364 1225 4433 perspicuum,
1244 4366 1305 4421 sIne
1324 4368 1434 4435 respectu

209 4462 301 4516 locum
324 4463 398 4516 huuc
417 4463 626 4516 commendasse
647 4463 842 4528 damnandum,
855 4478 910 4516 non
922 4462 1066 4516 audientes
1083 4466 1184 4531 utputa
1204 4464 1285 4519 illurn
1306 4465 1434 4535 Scriptura

209 4561 333 4615 testantis
347 4563 358 4586 0
372 4561 526 4616 Sacerdotis
538 4562 623 4616 verba
636 4578 700 4615 vera
712 4565 759 4615 aut
771 4561 903 4629 sacrilega
914 4602 925 4626 ,
939 4603 945 4627 ,
958 4565 986 4615 et
996 4560 1065 4615 illud
1073 4561 1234 4617 Salomonis
1243 4563 1371 4619 familiari
1381 4577 1434 4632 qul·

212 4659 274 4711 dum
285 4659 361 4726 quusi
373 4677 439 4714 voce
452 4661 590 4715 monentis
605 4662 615 4686 0
627 4660 706 4714 Oculi
715 4659 847 4728 sapientis
859 4659 889 4713 In
899 4659 988 4728 capite
999 4676 1070 4727 suo,
1080 4702 1086 4726 ,
1098 4664 1126 4715 et
1136 4660 1276 4718 «Iohannis
1287 4662 1434 4719 animalimn
1447 4661 1468 4712 tl
