3270 5400
370 347 463 399 arun.
481 346 563 401 aaa.
581 348 755 400 sauram.
774 372 819 381 —
838 351 987 404 suanno.
1006 352 1052 403 an
1070 352 1148 404 coo.
1167 343 1206 404 ΝΟ
1223 350 1299 405 aaa.
1404 334 1448 407 51

223 537 332 591 dicabat
342 554 422 602 onus,
434 538 594 592 liaurontus
605 539 618 574 ¹
630 539 769 593 districtus
781 539 896 609 imperio
910 541 961 595 viae
982 558 1011 594 se
1028 540 1103 595 misit
1115 540 1195 605 illico,
1208 546 1236 596 et
1247 543 1361 601 veniens
1372 545 1453 598 Pero·

222 653 285 691 narn
302 653 336 691 ex
354 638 488 692 mandato
500 643 610 707 sumpto
622 639 770 707 pontifice¹
782 656 798 693 a
810 639 872 693 loco
890 657 952 693 cum
974 641 1049 694 omni
1066 658 1116 694 suo
1134 647 1267 710 apparatu
1278 648 1306 697 et
1316 643 1455 712 phalanga

223 736 372 806 repedabat
383 737 395 771 ¹
406 737 442 791 ad
459 736 578 807 propria.
596 737 641 791 Sic
653 738 854 807 aliquantulum
868 738 920 792 iter
938 755 1081 793 emensum
1100 740 1283 809 episcopalem
1301 757 1349 795 eos
1366 743 1456 812 coegit

223 835 404 890 diverteread
422 836 520 890 urbem
542 837 645 891 dictam
665 836 918 892 CamaracumUbi
938 837 1059 892 sarcinas
1079 839 1191 894 famulis
1210 840 1410 909 deponentibus
1427 845 1456 895 et

194 941 283 1002 tque
304 940 384 988 crant
401 934 524 1004 hospitii,
542 941 598 989 tarn
614 936 733 990 Domino
746 937 806 1005 ipso
818 937 830 971 ⁸
842 954 925 1005 quarn
944 925 1049 991 ceteris
1061 937 1271 1007 disponentibus
1279 940 1298 1004 ¹,
1316 939 1345 993 in
1362 940 1454 994 medio

224 1032 340 1086 ciuitatis
357 1033 492 1087 suburbio
506 1033 587 1088 sitam
600 1039 683 1103 atque
695 1035 783 1089 heatae
794 1035 843 1088 Dei
856 1035 1000 1090 Genitricis
1013 1036 1104 1090 Mariae
1122 1037 1146 1072 ¹⁰
1165 1037 1217 1090 suh
1229 1037 1335 1091 honore
1347 1038 1456 1092 dedica·

224 1136 280 1185 tam
290 1132 337 1185 ille
349 1132 373 1166 ¹¹
393 1131 520 1201 captivus
537 1140 566 1187 et
583 1133 647 1187 exul
663 1134 801 1188 subintrat
817 1134 892 1188 solus
909 1135 1062 1200 ecclesiam,
1075 1153 1123 1205 pro
1142 1152 1171 1190 se
1188 1136 1295 1205 sibique
1312 1137 1421 1192 devotis
1432 1138 1456 1171 ¹¹

225 1230 376 1285 orationem
389 1231 485 1285 divino
494 1232 605 1286 fusurus
617 1233 775 1302 conspectui
787 1250 892 1287 sacram
907 1234 937 1288 ¹⁸.
950 1234 1039 1300 Quam
1053 1234 1222 1303 ingressuqa
1233 1235 1304 1289 collo
1314 1253 1364 1289 suo
1376 1251 1454 1289 suam

226 1330 332 1383 sustulit
348 1347 475 1400 cappam.
492 1348 526 1386 ac
542 1332 624 1386 simul
642 1338 788 1401 utramque
805 1334 951 1388 manicam.
971 1334 1039 1400 Quia
1059 1336 1144 1388 sacris
1164 1336 1304 1404 deponens
1320 1335 1456 1399 manibus,

188 1432 213 1481 tt
227 1428 290 1483 solis
300 1429 329 1484 in
345 1430 470 1485 inlusum
489 1432 596 1486 radium
614 1433 752 1502 appendit,
763 1432 837 1487 velut
851 1433 966 1487 nescius.
984 1434 1091 1487 Etenim
1110 1434 1152 1487 sol
1170 1434 1227 1503 ipse
1240 1451 1329 1498 verus,
1347 1433 1419 1487 illius
1430 1439 1458 1487 et

228 1529 347 1583 omnium
366 1529 539 1585 illuminator
555 1531 698 1596 Dominus
713 1531 741 1585 in
762 1531 822 1585 luce
840 1549 896 1585 suae
913 1532 977 1586 fidei
994 1539 1021 1586 et
1038 1533 1212 1602 simplicitate
1230 1534 1311 1597 clara,
1329 1533 1376 1587 diu
1392 1533 1458 1588 luci·

230 1628 290 1682 dum
301 1627 325 1663 ¹¹
334 1628 484 1684 mirificare
500 1631 596 1684 volens
613 1636 739 1685 sanctum
752 1648 842 1691 suum.
855 1631 910 1684 tale
921 1648 970 1702 pro
982 1648 1015 1686 eo
1032 1632 1161 1701 patefecit
1178 1632 1281 1686 donum
1300 1649 1389 1698 suum,
1402 1649 1457 1703 quo

230 1727 313 1780 tidelis
323 1728 397 1782 servi
408 1746 540 1799 magnum
553 1731 742 1800 propalaretur
753 1731 892 1795 meritum,
905 1731 998 1786 multis
1011 1748 1044 1785 ex
1055 1736 1121 1785 tune
1131 1731 1319 1785 manifestum.

266 1823 323 1883 20.
345 1824 459 1881 Cunctis
471 1827 590 1896 denique
602 1828 744 1882 diversorii
757 1832 939 1896 congruenter
956 1827 1127 1896 dispensatis,
1141 1827 1225 1880 etiam
1247 1827 1406 1880 Maurentus
1423 1827 1458 1880 ad

196 1925 219 1974 u
234 1923 310 1993 ipsius
324 1924 444 1979 tetendit
458 1924 609 1978 oratorium
622 1923 696 1978 adis.
708 1924 829 1992 Visoque
844 1923 892 1976 illo
908 1923 1027 1977 mirabili
1037 1927 1064 1976 et
1075 1923 1167 1992 polius
1179 1924 1360 1976 vehementer
1371 1922 1459 1975 admi-

234 2023 305 2078 rabili
314 2026 325 2058 ¹
334 2025 415 2093 signo
424 2022 542 2077 caelestis
554 2023 627 2086 doni,
639 2023 766 2091 stupidus
775 2023 925 2076 admodum
939 2021 1057 2075 ¹cecidit
1067 2023 1103 2075 ad
1115 2022 1203 2075 sancti
1214 2021 1307 2075 Amati
1320 2021 1460 2091 episcopi¹

236 2123 341 2191 vestigia
349 2123 453 2191 pedum
462 2123 483 2186 ⁴,
492 2139 651 2192 parensque
660 2141 667 2176 ε
677 2124 717 2176 Ne
725 2125 889 2184 neemiaeria,
902 2122 940 2174 ait
949 2122 969 2183 ¹,
983 2124 1026 2174 εἰν
1039 2123 1118 2184 beate,
1127 2123 1180 2174 Dei
1194 2138 1296 2189 queque
1304 2139 1357 2189 per
1369 2124 1460 2175 onerata

235 2241 290 2276 eure
298 2223 318 2290 ¹,
326 2224 400 2292 quad
407 2232 433 2276 te
441 2223 453 2257 ¹
462 2225 500 2276 ad
507 2225 710 2276 custodiendum
720 2223 891 2290 ⁸auacr‘pieae
899 2223 951 2274 lire
960 2238 1044 2289 aspere
1052 2223 1125 2274 volari
1133 2223 1266 2275 adducere
1271 2241 1281 2287 ;
1290 2224 1344 2288 aed,
1353 2224 1460 2275 indulta

237 2325 449 2386 misericorditer,
461 2325 487 2375 ei
499 2324 566 2390 quid
574 2325 689 2390 precam,
705 2325 790 2386 uenia,
801 2323 919 2374 humilia
933 2337 1019 2389 piraeo
1031 2338 1063 2373 ne
1075 2337 1190 2387 respuas
1201 2328 1268 2374 eota.
1280 2322 1348 2374 Eece
1363 2339 1397 2374 ea
1412 2323 1460 2375 bac

202 2417 225 2467 Ἀ
233 2423 286 2486 ium
300 2424 544 2488 milri,coluntaeei
556 2424 651 2488 suerit,
666 2424 769 2475 saciare
778 2421 809 2473 ⁹:
824 2422 986 2474 arraimodis
998 2428 1096 2473 sanctae
1105 2426 1155 2473 tua
1164 2422 1326 2486 paternitati
1342 2437 1461 2473 aureum-

239 2522 300 2588 berra
306 2529 404 2589 praesto
413 2538 475 2575 eum
483 2522 596 2575 obedire.
605 2522 681 2574 Sicut
688 2522 837 2589 molamus
846 2528 870 2573 te
879 2522 955 2588 opud
963 2521 1049 2572 Deum
1059 2522 1154 2584 valere,
1164 2522 1312 2573 sentiamus
1322 2522 1402 2572 etiam
1410 2536 1461 2587 pro

240 2621 402 2674 mouere.
410 2619 522 2674 Auditis
530 2620 629 2689 praesul
638 2620 697 2674 istis
708 2619 751 2673 sui
763 2619 885 2673 ductoris
896 2618 1079 2682 sermonibus,
1093 2617 1241 2671 sublevans
1257 2634 1273 2671 a
1290 2625 1361 2672 terra
1377 2634 1461 2687 quan·

241 2721 325 2785 tocius,
335 2738 403 2775 voca
415 2720 494 2775 illum
503 2721 634 2774 melliflua
646 2725 688 2774 est
700 2720 815 2774 adorsus
827 2739 833 2773 :
847 2722 886 2772 Ne
897 2721 953 2782 tibi,
966 2719 1101 2787 inquiens,
1112 2721 1210 2786 frater,
1222 2721 1347 2773 videatur
1358 2722 1461 2787 aliqua·

242 2822 308 2873 uado
323 2823 408 2885 triete,
424 2822 496 2888 qaod
512 2828 596 2873 tecum
609 2838 650 2873 me
663 2819 686 2853 ¹⁰
694 2822 804 2884 eontiqit
815 2819 867 2871 huc
884 2820 1015 2883 devenire,
1027 2821 1076 2886 qui
1090 2826 1209 2886 paratus
1220 2835 1280 2871 aum
1298 2835 1461 2886 quocumque

209 2909 365 2972 humanas
375 2922 505 2986 jusserit,
517 2926 541 2971 et
559 2921 587 2971 ia
599 2936 733 2972 carcerem
744 2926 767 2971 et
781 2921 808 2970 in
825 2924 936 2970 mortem
949 2919 996 2969 ire.
1011 2919 1088 2982 Quart
1102 2919 1128 2970 ei
1140 2920 1178 2970 itu
1192 2919 1409 2984 preordinatum
1423 2927 1461 2971 eet

244 3017 270 3070 d
279 3020 331 3080 iilo,
340 3020 390 3071 ubi
400 3021 493 3085 fueris
501 3019 675 3071 libentissime
683 3019 852 3086 permanebo.
862 3015 911 3068 His
924 3016 1013 3079 dictis,
1025 3016 1060 3069 ad
1072 3016 1180 3086 signum
1192 3016 1345 3069 concordiae
1356 3016 1462 3070 veracis

245 3116 315 3170 aurbu
327 3122 413 3171 ruunt
425 3117 448 3151 ¹¹
460 3117 544 3171 simul
556 3118 584 3172 in
596 3117 690 3171 oscula
702 3117 785 3186 pacis.

277 3213 330 3271 21.
351 3217 465 3271 Patrato
483 3214 644 3268 mirabiliter
660 3215 695 3267 ad
713 3215 800 3267 sancti
815 3213 925 3267 laudem
943 3213 1034 3267 Amati
1054 3212 1131 3280 signu
1144 3212 1309 3281 praescripto,
1327 3215 1409 3281 atque
1427 3213 1461 3266 ad

247 3314 357 3369 notitiam
370 3313 523 3368 multorum
537 3312 547 3345 ¹
562 3310 708 3370 declarato,
724 3315 827 3379 quanta
843 3311 871 3364 in
886 3309 1026 3363 communi
1039 3308 1190 3362 viatoribus
1202 3308 1255 3362 illis
1266 3308 1361 3362 laetitia
1373 3309 1462 3373 tuerit,

216 3399 334 3479 ¹¹(quartia
345 3412 438 3483 gaudii
450 3409 592 3474 exultatio,
609 3409 715 3478 quam¹
732 3410 825 3463 uotira
843 3408 933 3462 cordis
950 3407 1122 3471 exhilaratio,
1139 3407 1201 3475 quis
1219 3406 1308 3459 dicere
1325 3407 1462 3462 sufficiet?

251 3512 435 3567 ammonem
445 3512 466 3575 ⁸,
478 3510 567 3579 inquil
578 3509 727 3578 psalmista,
745 3512 773 3560 iu
789 3516 813 3562 te
830 3525 920 3561 erueres
932 3510 981 3576 qui
992 3510 1110 3574 dllipuat
1121 3524 1216 3560 aoureu
1232 3513 1317 3571 tuum,
1335 3510 1463 3574 quartam

250 3612 494 3677 tubeaedieeajuete.
504 3609 607 3663 Omnes
616 3607 698 3675 igilur
706 3611 799 3660 mente
808 3622 871 3666 una,
880 3605 1027 3659 devotione
1036 3605 1094 3674 pari
1103 3605 1272 3668 accedentes,
1281 3621 1310 3656 se
1320 3605 1369 3673 piae
1379 3604 1465 3673 ipsius

251 3711 468 3764 commendabant
476 3706 645 3778 paternitati;
654 3707 851 3774 credentesque
861 3705 1015 3758 interventu
1025 3705 1084 3773 eJus
1092 3703 1279 3772 multipliciter
1287 3704 1419 3770 adiuvari,
1428 3704 1463 3758 ab

253 3803 298 3873 ipso
307 3809 436 3877 petebant
444 3805 577 3861 benedici.
586 3803 662 3872 Quos
673 3802 791 3873 benignu
803 3802 987 3871 complectens
998 3801 1209 3855 mansuetudine
1222 3801 1313 3854 firmat
1325 3801 1394 3855 adeo
1407 3818 1464 3855 ver-

255 4075 278 4085 -
291 4051 400 4121 ¹itaque
418 4054 483 4106 add.
494 4051 519 4104 3.
530 4078 562 4087 -
575 4050 586 4084 ¹
598 4054 739 4118 sumptum
750 4049 906 4117 pontificem
920 4049 944 4108 3,
956 4048 980 4100 l.
992 4047 1045 4085 —¹
1058 4047 1198 4116 repedavit
1209 4049 1232 4111 3,
1244 4049 1268 4100 d.
1279 4077 1310 4084 --
1322 4048 1333 4081 ¹
1345 4047 1392 4101 illo
1401 4049 1424 4100 2.
1434 4075 1465 4086 -

256 4130 364 4199 'uam
376 4133 581 4204 deponentibus
591 4135 613 4186 1.
622 4161 654 4171 -
664 4132 688 4166 ¹⁰
697 4132 733 4195 (b.
744 4132 775 4184 D.
785 4131 869 4197 Gn.)
881 4130 906 4182 b.
916 4130 949 4183 ll.
958 4131 989 4183 D.
1002 4129 1032 4182 G.
1042 4131 1071 4192 ‘l;
1084 4129 1114 4182 G.
1123 4130 1154 4183 D.
1164 4129 1196 4182 Μ.
1206 4132 1230 4193 3,
1239 4131 1262 4182 l.
1276 4161 1307 4167 -
1321 4130 1342 4163 ¹¹
1355 4137 1467 4184 sanctus

256 4212 351 4271 matus
368 4219 394 4272 3.
412 4245 444 4255 -
467 4217 490 4250 ¹¹
511 4217 551 4281 (se
563 4233 583 4269 s.
597 4216 632 4276 d.)
646 4218 683 4268 ita
697 4216 713 4268 i
723 4222 783 4282 poet
795 4231 887 4277 corr.;
903 4215 984 4280 prius
1002 4228 1031 4264 se
1049 4212 1157 4281 sibique
1174 4213 1261 4276 votis;
1279 4213 1307 4265 in
1326 4215 1347 4278 l,
1362 4214 1386 4276 3,
1403 4215 1420 4265 l
1436 4232 1465 4266 se

257 4297 347 4369 tuisque
357 4301 438 4355 rotis.
454 4327 481 4337 -
497 4298 520 4333 ¹⁸
529 4299 566 4365 (d.
575 4297 593 4352 l.
606 4315 628 4351 c.
640 4302 672 4363 a.)
682 4315 703 4350 s.
713 4298 739 4350 d.
751 4297 769 4350 f.
782 4314 804 4350 c.
816 4297 840 4349 3.
849 4323 878 4332 -
892 4296 915 4329 ¹¹
925 4295 961 4361 (d.
971 4295 998 4361 l.)
1009 4295 1159 4348 dilucidum
1170 4296 1193 4348 d.

280 4376 342 4436 liun.
354 4382 394 4438 20.
403 4411 436 4421 —
447 4382 457 4417 ¹
468 4379 686 4449 (et-admirabili)
695 4398 745 4433 om.
754 4380 778 4432 3.
788 4408 820 4416 -
828 4378 840 4412 ¹
849 4396 898 4432 arra.
907 4379 931 4431 3.
940 4407 973 4415 -
982 4378 994 4411 ¹
1003 4395 1053 4431 am.
1063 4378 1087 4442 3,
1096 4379 1120 4430 l.
1130 4407 1160 4414 -
1170 4378 1182 4411 ¹
1192 4395 1241 4431 om.
1251 4377 1275 4430 3.
1284 4408 1315 4414 —
1326 4379 1337 4412 ¹
1347 4377 1435 4446 inquit
1443 4381 1467 4433 a.

259 4463 300 4497 *¹
313 4465 457 4532 (Dei-care)
476 4481 527 4519 am.
543 4465 567 4517 3.
577 4463 629 4501 -¹
649 4467 674 4516 te
692 4464 756 4516 add.
772 4479 806 4514 ea
822 4461 846 4515 3.
858 4461 913 4499 -¹
930 4463 974 4514 hie
991 4462 1054 4514 add.
1072 4464 1099 4513 te
1116 4460 1139 4513 i.
1151 4488 1180 4498 -
1191 4460 1203 4494 ¹
1215 4466 1242 4513 te
1258 4461 1362 4514 sociare
1374 4463 1468 4515 ul.-

261 4540 343 4603 ¹·nihi
353 4550 377 4604 9.
386 4576 418 4589 ·-
429 4548 452 4582 ¹¹
466 4551 580 4601 ruerunt
591 4546 643 4599 34.

283 4624 344 4684 buu.
355 4630 395 4685 21.
407 4660 440 4670 -
453 4631 464 4665 ¹
477 4631 512 4695 (a
524 4645 551 4684 n.
563 4628 611 4695 m.)
629 4644 665 4681 m.
678 4644 702 4682 a.
715 4643 740 4681 n.
758 4628 810 4681 dd.
819 4627 872 4667 -¹
884 4643 946 4695 quae
957 4628 981 4679 3.
990 4625 1043 4664 -¹
1055 4625 1376 4691 (Gloriabuntunreversi
1393 4626 1468 4693 suut)

261 4711 323 4766 aa.
