3270 5400
424 311 516 362 arar..
543 309 624 362 asc.
652 309 824 362 caurum.
852 332 899 343 —
926 310 1006 362 con.
1033 301 1071 361 n⁰
1097 274 1173 361 osea.
1345 287 1418 361 995

184 519 282 557 necem
294 502 431 566 Intulerat,
444 501 527 570 longa
544 501 655 570 quidem
669 501 838 570 poenitudine
855 501 944 555 scelus
955 499 1083 569 expiavit.
1095 499 1252 566 Numquam
1270 502 1364 552 tamen
1380 497 1420 551 illi

185 618 349 656 concessum
362 606 411 664 est,
423 606 454 654 ut
466 604 626 654 sanctorum
649 599 808 670 pignoribus
820 600 863 653 vel
875 600 1008 653 orationis
1025 614 1109 652 causa
1127 597 1333 667 propinquaret.
1350 596 1419 650 Nam

184 716 248 754 cum
270 700 338 754 inibi
358 700 403 753 die
426 700 550 768 quadam
563 704 716 769 prostratus
728 703 827 764 oraret,
843 699 934 752 subito
951 714 1085 752 concussa
1101 696 1224 751 funditus
1240 695 1352 750 basilica
1364 696 1422 765 ipse

187 796 337 850 semivivus
349 797 513 850 exturbatus
521 802 548 850 et
557 797 702 866 propulsus
714 802 763 850 est.
772 796 874 850 Servus
887 813 952 850 vero
965 795 1012 864 qui
1024 795 1062 848 illi
1075 795 1102 849 in
1111 795 1214 848 scelere
1221 799 1350 864 paruerat
1358 810 1420 848 curn

188 896 314 951 debiliter
333 895 403 949 inibi
425 901 574 964 peroraret,
584 911 669 963 seque
685 895 812 962 inritum,
824 911 854 948 se
867 900 992 949 coactum
1005 911 1131 964 peccasse
1143 894 1281 962 clamaret,
1294 895 1421 963 ipsosque

187 996 241 1050 hoc
259 995 360 1049 melius
372 995 441 1048 scire
465 999 704 1056 commemoraret,
721 994 895 1048 clementiam
914 995 942 1047 in
961 1011 991 1048 se
1008 999 1159 1063 martyrum
1183 994 1263 1048 citius
1280 993 1421 1062 persensit

188 1094 256 1148 llam
269 1111 333 1148 cum
346 1098 444 1156 oraret,
454 1099 571 1163 repente
583 1110 668 1147 unum
682 1094 840 1147 evulsorum
852 1094 988 1148 luminum
1001 1093 1263 1162 recepit,ipsumque
1276 1093 1351 1147 omui
1364 1093 1422 1146 rita

191 1208 241 1246 sua
252 1197 414 1245 sanctorum
427 1190 568 1260 obsequiis
580 1191 700 1245 devovit.
713 1191 745 1244 Et
757 1191 791 1244 de
811 1191 959 1244 virtutibus
974 1191 1085 1260 gloriosi
1093 1190 1221 1259 martyris
1231 1189 1314 1244 Salvii
1323 1189 1423 1258 quibus

190 1288 218 1342 ln
237 1288 316 1343 initio
337 1287 434 1342 claruit
457 1288 517 1341 haec
538 1288 572 1341 ad
599 1304 718 1356 praesens
738 1288 905 1342 sufficienter
917 1289 990 1342 dicta
1002 1289 1064 1343 siut.
1076 1289 1204 1343 Ceterum
1221 1293 1286 1342 sunt
1296 1287 1423 1342 multant

191 1388 337 1441 innumera
349 1387 433 1456 ipsius
442 1387 582 1449 miracula,
595 1404 656 1456 quae
667 1404 750 1455 super
763 1386 845 1440 variis
858 1387 1041 1442 incommodis
1052 1388 1209 1442 laborantes
1220 1393 1282 1442 acta
1293 1391 1365 1452 sunt,
1374 1387 1422 1440 sed

192 1503 225 1540 ea
235 1504 391 1541 memorare
401 1486 544 1554 praesentis
554 1487 686 1556 temporis
697 1504 753 1540 non
764 1492 814 1540 est.
827 1488 879 1541 Per·
890 1487 985 1541 omnia
995 1488 1055 1542 laus
1067 1494 1095 1542 et
1111 1488 1201 1542 honor
1218 1488 1275 1541 Deo
1290 1488 1338 1556 qui
1357 1486 1424 1540 vivit

192 1589 220 1638 et
230 1589 326 1654 regnat
337 1586 365 1639 in
377 1585 478 1638 secula.
489 1586 587 1640 Amen.

289 1690 354 1761 890
380 1687 511 1761 Passio
532 1690 568 1761 S.
586 1689 693 1760 Focae
707 1688 867 1781 episcopi
881 1695 917 1762 et
930 1688 1103 1782 martyris
1117 1689 1194 1778 (fol.
1213 1690 1423 1781 1730-1750).

225 1816 303 1869 suu
314 1816 386 1884 apuu
399 1816 594 1881 domninum,
606 1821 673 1870 rom.
683 1816 716 1869 11.

290 1919 355 1989 90⁰
382 1917 512 1990 Passio
527 1918 563 1989 S.
579 1917 725 1990 Eusebii
744 1917 984 1991 vercellensis
1002 1918 1080 2009 (fol.
1101 1918 1308 2009 1750-1780).

226 2047 303 2100 Edita
313 2048 385 2116 apud
397 2030 552 2116 Ughellum
565 2050 649 2103 Italic
660 2067 749 2107 sacro.
763 2054 832 2103 tom.
845 2049 888 2111 lll,
897 2066 923 2117 p.
937 2050 985 2102 749
996 2065 1067 2118 sqq‚;
1079 2047 1127 2102 sed
1137 2049 1165 2102 in
1174 2049 1233 2102 cod.
1243 2048 1345 2117 passim
1358 2064 1426 2101 uon·

187 2146 266 2199 nulla
276 2152 342 2200 sunt
353 2147 456 2200 omissa
465 2147 509 2200 vel
520 2153 668 2202 contracte.

290 2251 356 2321 91ο
382 2249 513 2322 Passio
532 2249 568 2323 S.
579 2249 710 2323 Felicis
727 2248 902 2341 martyris
910 2249 988 2338 (fol.
1012 2250 1221 2342 1780-1800).

229 2377 322 2431 Lectio
335 2378 437 2431 codicis
450 2377 574 2446 proxime
586 2379 692 2432 accedit
703 2379 737 2430 ad
750 2395 811 2432 eam
824 2378 858 2431 de
867 2395 922 2447 qua
933 2394 1023 2447 supra,
1033 2384 1099 2432 tom.
1112 2379 1130 2440 l,
1141 2396 1165 2448 p.
1174 2379 1214 2440 34,
1222 2379 1276 2433 610.

290 2480 353 2552 990
379 2479 509 2552 Passio
528 2481 563 2552 S.
579 2479 772 2553 Gratiliani
786 2480 863 2572 (fol.
888 2481 1095 2574 1800-1810).

227 2609 256 2663 lu
267 2610 406 2678 responsis
420 2610 548 2678 martyris
559 2627 591 2664 ac
606 2610 705 2677 judicis
724 2610 983 2679 interrogationibus
993 2610 1076 2680 paulo
1094 2609 1224 2679 prolixior
1234 2616 1277 2664 est
1288 2611 1381 2664 Passio
1393 2627 1427 2665 ea

177 2721 256 2774 nun
268 2708 342 2761 edita
351 2712 392 2760 est
403 2708 430 2761 in
444 2711 503 2772 Aer.
512 2709 567 2774 SS,
579 2708 612 2761 ud
623 2709 648 2762 d.
663 2709 693 2761 19
705 2708 781 2777 Aug„
794 2714 860 2762 tom.
868 2707 900 2772 ll,
912 2725 937 2776 p.
946 2708 994 2760 798
1005 2724 1063 2776 sqq.

290 2811 354 2882 930
380 2809 512 2883 Passio
530 2811 566 2883 S.
592 2809 795 2884 Alexandri
816 2809 977 2901 episcopi
995 2814 1031 2881 et
1048 2808 1222 2900 martyris
1236 2790 1307 2900 (sol.
1330 2811 1427 2882 1810-

347 2927 452 3018 183¹).

228 3056 307 3110 Edita
323 3055 351 3109 iu
370 3059 429 3108 Act.
448 3056 503 3118 SS..
520 3054 553 3107 ad
572 3053 598 3106 d.
618 3054 648 3106 91
673 3053 755 3121 Sept,
775 3058 840 3107 tom.
853 3054 896 3115 Vl,
914 3069 940 3121 p.
956 3054 1007 3107 930
1022 3070 1081 3122 sqq.
1099 3054 1200 3107 -Sed
1220 3055 1247 3107 in
1264 3054 1324 3107 cod.
1341 3052 1428 3122 stylus

177 3155 310 3209 subinde
322 3155 491 3217 immutatur,
509 3157 618 3206 narrata
638 3152 847 3215 contrabuntur,
859 3169 890 3205 ac
912 3152 938 3205 in
956 3153 1069 3206 relenda
1086 3152 1191 3206 risione
1207 3156 1292 3215 (num.
1313 3154 1354 3216 14)
1371 3169 1427 3206 non

177 3254 284 3316 nrima
295 3255 343 3308 sed
356 3253 435 3306 tertia
447 3269 565 3322 persona
571 3259 726 3322 usurpatur.

291 3357 354 3429 940
382 3354 512 3428 Passio
530 3356 567 3428 S.
598 3353 751 3426 Firmini
778 3353 938 3446 episcopi
963 3360 997 3427 et
1025 3354 1198 3446 martyris
1227 3355 1300 3445 (sol.
1331 3357 1427 3429 1830-

347 3473 450 3564 185¹).

230 3595 310 3649 Edita
327 3593 400 3662 apud
412 3593 426 3646 7
430 3593 513 3661 oseph
529 3593 563 3644 de
575 3591 693 3654 Maceda,
703 3593 786 3644 Amne
794 3595 916 3644 sincerae
928 3592 1006 3645 delos
1017 3598 1110 3644 santos
1118 3592 1276 3656 Saturnino,
1286 3593 1429 3659 Honestoy

190 3691 320 3759 Fermtn,
336 3710 361 3761 p.
378 3691 428 3745 977
445 3707 504 3760 sqq.
521 3719 553 3728 -
569 3691 599 3743 lu
612 3690 671 3743 cod.
682 3690 799 3742 subinde
820 3689 945 3759 quadam
966 3689 1068 3742 omissa
1086 3694 1159 3742 sunt.
1171 3689 1267 3758 Incipit
1280 3709 1286 3742 :
1301 3691 1429 3757 Tenrpore

196 3791 370 3845 Maximiani
378 3799 401 3844 et
411 3793 574 3844 Diocletiani
584 3792 775 3843 sceleratorum
783 3791 943 3857 principum
955 3791 1064 3856 picando
1079 3791 1222 3856 tyrannico
1235 3806 1327 3842 eorum
1338 3791 1429 3844 rabies

197 3891 229 3944 ἐκ
241 3893 392 3946 christiano
400 3892 502 3958 popule
510 3891 638 3954 saciabat,
650 3897 708 3942 erat
720 3891 763 3942 eir
770 3890 947 3957 praelarus...

295 3990 359 4064 950
385 3989 516 4062 Passio
530 3989 593 4063 SS.
608 3986 811 4061 Florentini
825 3986 1015 4079 etHylarii
1029 3986 1102 4079 (fol.
1123 3988 1328 4080 1850-1860).

234 4120 313 4175 Edita
325 4121 353 4174 in
367 4121 425 4173 Act.
434 4120 491 4184 SS„
500 4119 535 4171 ad
546 4118 571 4172 d.
580 4119 612 4171 97
624 4119 705 4186 Sept..
718 4123 784 4171 tom.
796 4117 851 4179 llll.
864 4133 890 4184 p.
901 4117 1018 4170 aarum.
1028 4117 1058 4169 ln
1071 4117 1130 4170 cod.
1140 4133 1215 4170 uum.
1227 4119 1237 4170 l
1250 4135 1304 4171 om.

296 4223 360 4295 960
387 4219 519 4293 Passio
538 4221 573 4292 S.
600 4219 768 4292 Piatouis
794 4218 953 4311 episcopi
974 4224 1010 4290 et
1034 4218 1208 4310 martyris
1232 4219 1305 4312 (fol.
1333 4221 1429 4293 1860-

349 4338 456 4428 rati).

235 4459 374 4529 Eapassio
384 4459 418 4511 de
430 4474 485 4527 qua
494 4457 522 4510 in
532 4458 614 4510 Airai.
626 4457 701 4520 Boc„
712 4461 777 4508 tom.
790 4456 810 4517 1,
823 4472 847 4523 p.
860 4455 917 4518 495,
931 4456 970 4517 l⁰;
981 4455 1027 4508 cfr.
1039 4472 1081 4524 pp.
1090 4457 1147 4519 619,
1159 4457 1216 4509 690.

295 4562 359 4634 970
385 4558 516 4632 Passio
534 4559 570 4631 S.
586 4555 759 4631 Demetrii
775 4555 950 4647 martyris
968 4556 1041 4650 (fol.
1060 4558 1267 4648 1870-1880).

230 4688 310 4744 Edita
321 4689 350 4742 iu
361 4690 419 4742 Act.
429 4689 485 4752 SS,
495 4687 528 4740 ad
538 4687 590 4739 d.8
601 4686 668 4747 Oct,
677 4691 743 4738 torn.
757 4685 800 4748 tv,
810 4701 835 4752 p.
847 4685 931 4738 87-89.
943 4684 1075 4752 Prologus
1084 4685 1168 4738 deest.
