3270 5400
119 147 192 220 298
456 171 582 221 (turin.
608 172 713 223 conn.
739 171 1016 223 momnnsrurc.

120 366 250 428 urgenter
265 360 390 427 dirigere.
408 365 437 412 nt
449 359 472 412 si
485 360 548 428 quis
563 361 732 415 christianus
743 362 872 415 inrentns
882 362 980 414 inisset
997 366 1025 415 et
1042 378 1099 415 non
1116 362 1170 415 diis
1188 360 1349 425 immolaret,

120 459 236 513 dirersis
244 459 386 528 suppliciis
395 466 552 512 maceratus
561 461 644 513 morti
656 461 816 514 traderetur.
825 462 888 529 lpso
900 478 1022 530 namque
1031 462 1060 514 in
1069 470 1204 531 tempore,
1213 477 1279 515 curn
1287 477 1350 529 pre

121 559 254 612 lecturum
268 559 364 612 llomae
376 560 575 628 promeruisset
584 560 734 623 Celerinus,
745 567 774 613 et
791 561 849 629 ipse
858 561 938 614 idolis
949 560 1059 614 deditus
1074 561 1122 614 diu
1134 560 1296 628 requisisset
1305 575 1353 629 per

120 674 218 711 omnes
234 658 359 711 civitates
375 666 403 711 et
415 659 485 721 loca,
498 665 525 711 ut
538 659 625 712 sicubi
637 660 780 713 christiani
793 662 985 728 reperirentur,
1002 661 1120 714 dirersis
1134 660 1285 729 generibus
1300 664 1390 713 tor—
1405 693 1430 703 -

120 763 276 811 mentorum
295 758 386 811 allecti
399 758 557 817 delicerent.
569 759 745 812 beatissimus
758 759 870 812 nausis
883 759 999 813 audiens
1011 775 1108 813 rocem
1126 759 1254 813 rabidam
1267 774 1430 828 perse·—

120 858 239 925 quentis,
251 857 285 909 de
303 858 370 910 urbe
384 858 475 911 lloma
486 874 517 911 se
531 859 677 920 subtraxit,
689 858 753 912 etin
764 859 885 927 quadarn
897 859 1029 927 spelunea
1040 857 1123 927 coepit
1136 857 1315 913 commorari.

161 954 198 1013 8.
222 956 296 1010 Cum
310 962 403 1009 autem
414 955 469 1009 illic
478 956 671 1009 demoraretur
684 957 826 1010 mensibus
838 957 933 1017 tribus.
942 957 1034 1010 media
1042 962 1124 1011 nocte
1132 956 1430 1026 postorationeut:

125 1059 272 1125 soporatus
283 1060 334 1117 est,
346 1059 374 1107 et
386 1053 454 1106 vidit
467 1054 557 1107 virum
568 1052 820 1122 splendidissimam
838 1054 942 1122 virgam
958 1055 1093 1108 terentem
1112 1054 1194 1123 quasi
1204 1069 1318 1109 aureum
1328 1052 1430 1116 iu:-

132 1169 276 1209 munusna
286 1159 313 1207 et
322 1154 459 1207 dicentem
469 1153 522 1206 sibi
531 1173 537 1206 :
547 1154 836 1221 Surpe.quonr'nmnon
845 1154 1430 1223 conceptumn-immaturum

123 1262 147 1308 ct
158 1271 193 1307 es·
205 1261 260 1307 icta
270 1255 364 1306 anima
376 1255 471 1318 dilipis
482 1261 506 1304 et
516 1254 655 1318 inpredere
667 1254 759 1306 urbem
771 1253 885 1305 Romam
896 1254 955 1306 sine
965 1255 1062 1322 ulique
1072 1270 1159 1307 uroru.
1171 1252 1254 1307 Hane
1263 1257 1430 1317 nutet-2

125 1354 200 1407 iacto
212 1353 299 1421 surgit
311 1352 353 1404 rir
370 1351 427 1414 Dei,
439 1351 504 1405 etin
516 1357 608 1405 mente
620 1351 727 1405 habens
740 1351 873 1406 visionem
885 1352 996 1415 somnii,
1006 1351 1146 1406 civitatem
1159 1351 1300 1421 inermus
1310 1356 1430 1419 est*

126 1453 159 1507 Et
176 1468 238 1507 curn
260 1451 453 1521 cognovissent
468 1467 531 1504 eum
544 1451 678 1519 aliquanti
694 1451 742 1520 qui
760 1467 825 1505 eum
842 1452 968 1505 sciebant
984 1451 1158 1520 peregrinum
1176 1451 1430 1518 christianum

125 1568 195 1618 esse,
204 1552 471 1620 comprehendentes
483 1567 546 1605 eum
558 1551 747 1619 perduxerunt
757 1568 822 1605 enm
834 1552 964 1621 prefecto
976 1552 1112 1606 Celerino.

167 1650 202 1708 4.
227 1650 315 1718 Quem
329 1650 427 1703 videns
445 1650 588 1718 prefectus
599 1651 640 1704 sic
651 1666 715 1703 eum
728 1649 907 1718 interrogarit
919 1650 1012 1704 dicens
1023 1671 1030 1704 :
1042 1652 1088 1705 Ex
1099 1661 1195 1707 neure
1207 1655 1305 1721 putria
1319 1670 1430 1718 Q

125 1767 221 1818 penore
229 1767 265 1815 rr,
276 1759 325 1803 aut
336 1768 353 1802 a
368 1751 554 1803 Samaritanus
561 1751 691 1817 portibus
701 1750 754 1803 lius
770 1752 903 1802 odrenisii
910 1753 925 1803 i
936 1749 1038 1803 Beatus
1055 1749 1166 1804 Murus
1177 1750 1230 1805 Dei
1240 1750 1430 1817 tumul-.-

126 1854 285 1904 constenter
297 1847 440 1916 respondit
453 1867 459 1900 :
476 1849 522 1901 Ec
545 1849 698 1914 Affrlcnnis
707 1850 835 1916 partibus
846 1851 950 1902 adveni.
960 1848 1103 1902 Celerinus
1113 1848 1263 1917 prefectus
1272 1848 1430 1913 unffi

129 1949 305 2003 Christianus
322 1965 357 2013 es,
383 1966 419 2000 un
436 1951 590 2016 propontis?
606 1946 788 2001 Beatissimus
805 1947 855 2001 Dei
867 1947 988 2001 famulus
1004 1947 1165 2017 respondit:
1184 1950 1430 2007 Christia—

124 2066 186 2104 rum
197 2050 231 2102 ab
248 2050 388 2114 insanum
400 2065 447 2100 nec
463 2049 550 2100 solum
561 2064 616 2113 epo,
627 2049 674 2100 sed
685 2054 708 2100 et
716 2064 807 2100 omnes
815 2055 942 2115 parentes
951 2050 1010 2100 mei.
1023 2047 1173 2102 Praeiectus
1184 2047 1269 2101 dixit:
1283 2047 1348 2101 Et*

128 2166 210 2217 quom
219 2165 330 2201 causam
344 2150 373 2199 in
388 2148 459 2200 lianc
468 2148 560 2199 urbem
572 2148 711 2199 deuolutus
722 2150 769 2199 cs?
781 2145 830 2199 Dei
843 2146 963 2200 famulus
975 2146 1135 2216 respondit:
1152 2148 1205 2201 Ubi
1215 2148 1284 2200 nubi
1291 2164 1430 2215 p.-

126 2251 193 2317 cspit
203 2249 338 2302 Dominus
349 2264 423 2299 niens
433 2247 516 2299 Jesus
535 2247 668 2306 Christus,
682 2246 720 2298 ibi
730 2247 870 2299 devolutus
880 2264 948 2299 siim.
962 2246 1105 2300 Celerinus
1116 2247 1262 2315 prefectus
1272 2245 1430 2301 dixi

131 2349 209 2401 Nunc
221 2349 346 2400 accedent
359 2347 484 2411 sacrifico
502 2348 565 2408 diis,
576 2363 626 2413 per
638 2362 704 2414 quos
716 2349 821 2414 poteris
837 2347 964 2399 horrorem
981 2349 1101 2415 accipere
1112 2354 1136 2400 ct
1147 2354 1332 2401 sources*
1354 2346 1430 2396 ε’.

127 2450 182 2500 tius
190 2448 351 2515 promereri.
371 2446 489 2498 Sanctus
500 2443 610 2497 linurus
621 2444 705 2497 dixit:
718 2445 867 2512 Nunquam
878 2437 929 2497 tibi
939 2446 1001 2498 bene
1018 2448 1062 2510 sit,
1079 2453 1103 2498 et
1114 2449 1205 2499 omnis
1222 2447 1420 2500 urticas

126 2557 150 2601 tc
161 2555 309 2612 crematur,
318 2549 367 2614 qui
378 2548 466 2598 alium
478 2547 613 2610 honorem,
624 2562 706 2612 quam
716 2546 772 2598 Deo
783 2548 892 2609 seruire,
900 2547 970 2598 dicis
981 2562 1036 2598 esse
1040 2548 1184 2612 potiorem,
1193 2547 1323 2600 etomier’
1318 2550 1366 2596 t
1377 2541 1426 2591 οἵ

126 2656 189 2701 tuus
200 2649 331 2700 ornicitiic
344 2647 396 2699 Dei
407 2649 460 2697 urei
471 2648 588 2699 estimas
596 2648 758 2714 superiores.
769 2646 843 2712 Ipsis
851 2648 932 2698 etium
941 2645 1040 2713 picibus
1049 2663 1089 2699 mc
1099 2637 1421 2712 eucrificnreruad

127 2764 175 2801 nro
185 2748 279 2809 honor,
292 2763 338 2798 nec
351 2748 522 2813 prosperitas
535 2747 591 2798 edla
599 2747 762 2813 prouenint;
774 2747 821 2798 sed
831 2747 988 2810 confusione
1006 2747 1172 2811 erubescant,
1184 2748 1295 2799 interitu
1328 2738 1412 2793 d*

124 2853 244 2914 pereant,
261 2847 391 2898 obliuione
403 2845 437 2897 ub
456 2846 596 2898 bominum
615 2847 746 2897 memoria
756 2846 919 2898 delitescant.
931 2845 990 2911 Epo
1003 2845 1058 2898 Deo
1070 2862 1126 2898 meo
1137 2846 1207 2898 Jesn
1220 2846 1396 2898 cerreto

129 2948 249 3000 omnium
261 2946 413 2997 seculorum
422 2946 541 2997 cruntori
549 2945 672 3009 sacrifico
683 2945 850 3009 sacrificium
867 2945 1008 2996 urcundum.
1018 2944 1090 2996 Num
1101 2945 1159 2996 diis
1169 2946 1227 2997 tuis
1237 2960 1282 3011 epo
1292 2947 1399 2995 5⁸⁸⁶

126 3061 209 3113 quam
227 3045 392 3109 sacrificabo,
410 3046 458 3110 qni
475 3045 501 3095 si
519 3044 664 3095 ceciderint
679 3060 713 3095 rx
729 3044 792 3107 olto,
811 3045 849 3095 itu
867 3045 1101 3106 comminuuntur,
1113 3051 1144 3095 ut
1162 3060 1215 3097 non
1232 3044 1392 3111 marl

127 3145 277 3211 aliquando
288 3160 332 3197 cos
342 3144 476 3209 estiplntos
482 3144 580 3207 suisne.
590 3159 637 3194 nec
645 3145 727 3194 etiem
740 3159 860 3210 unquam
868 3143 1092 3210 suspiciunculam
1105 3144 1238 3210 selporm
1248 3143 1385 3204 lupo

130 3243 288 3295 substitisse.
302 3244 389 3307 erusi
405 3245 476 3294 enim
496 3258 637 3309 uuriquam
652 3243 766 3307 suerint,
785 3242 889 3294 indicio
906 3257 999 3293 eorum
1016 3242 1094 3293 rrulla
1110 3249 1281 3310 superemini.
1305 3228 1378 3288 11¹

132 3342 247 3396 audiens
257 3341 398 3395 Celerinus
410 3342 554 3410 prefectus
568 3341 651 3408 jussit
662 3356 726 3393 eum
738 3339 857 3394 fustibus
869 3339 981 3394 nodosis
990 3340 1056 3394 caedi
1069 3345 1097 3393 et
1108 3340 1258 3410 plumbatis
1269 3339 1371 3392 mul

130 3441 170 3495 les
188 3442 247 3506 ejus
266 3441 399 3494 contundi
413 3440 568 3493 dicens:1n
582 3442 717 3506 injuriam
734 3442 846 3493 deorum
863 3441 921 3492 noli
937 3441 1016 3493 cerba
1034 3457 1106 3493 cuna
1118 3441 1299 3508 profundere.
1314 3423 1365 3482 U

129 3541 250 3596 famulus
263 3541 405 3610 respondit
417 3559 423 3592 ε
436 3543 550 3593 Gratius
562 3557 612 3606 opo
624 3540 741 3592 Domino
756 3557 812 3592 meo
828 3541 895 3592 Jesu
912 3539 1028 3604 Christo,
1049 3542 1116 3607 quia
1127 3541 1260 3606 clipnutuc
1269 3539 1304 3590 ecl
1328 3539 1357 3575 ί

128 3643 179 3695 hnc
194 3644 287 3708 prolia
303 3641 458 3707 plurificurc
471 3647 499 3691 ut
507 3656 561 3707 pro
573 3657 602 3692 eo
617 3642 680 3707 puli
696 3655 823 3702 nrererer,
840 3641 911 3691 sicut
922 3646 946 3691 et
958 3641 1014 3706 ipse
1027 3654 1082 3706 pro
1099 3640 1175 3691 orsini
1182 3635 1350 3707 popum

129 3742 223 3793 mendo
232 3757 334 3808 presens
344 3747 389 3792 est.
399 3737 541 3792 Celerinus
552 3737 698 3806 prefectus
707 3736 776 3790 dixit
788 3756 794 3789 :
805 3739 890 3790 l'ntns
900 3745 925 3789 tc
933 3739 1022 3789 uicum
1031 3744 1144 3790 mutem
1152 3745 1236 3801 tuam,
1244 3744 1312 3804 qua·
1335 3736 1343 3767 ¹

129 3840 256 3893 manibus
265 3842 330 3892 rucis
340 3847 421 3903 terreo,
435 3856 579 3891 erusrrrnrn
590 3842 604 3891 l’
617 3838 704 3890 Vitom
713 3855 766 3905 qun
774 3838 1050 3904 ploriurisauseram,
1058 3844 1082 3889 et
1090 3844 1203 3889 mortem
1211 3818 1337 3905 puniend

129 3949 173 3993 tus
183 3943 301 3992 intereos
312 3940 362 3991 tibi
375 3941 525 4002 innnittnrn,
537 3939 563 3990 si
572 3954 623 3989 non
634 3938 831 4002 sacrificaveris
839 3938 895 3988 diis
904 3936 1072 3988 reiterandis.
1082 3936 1140 3988 Aut
1147 3938 1219 4001 forle
1229 3934 1329 4000 tunt!

130 4048 159 4092 ut
182 4042 264 4107 qrnrsi
280 4040 424 4105 prreprino
442 4038 494 4090 tibi
511 4054 625 4104 parcam
645 4044 692 4088 aut
712 4037 891 4101 indulpsom?
909 4034 1028 4087 Sanctus
1041 4033 1155 4088 Maurus
1175 4035 1225 4088 Dei
1246 4024 1321 4087 finib

131 4138 290 4206 respondit:
311 4138 478 4199 illisrrrime,
497 4138 565 4205 quid
576 4138 644 4189 nillil
656 4144 693 4189 est
702 4144 751 4188 tua
764 4137 940 4202 indulpentia,
952 4142 1000 4187 aut
1010 4137 1082 4200 forte
1098 4143 1122 4187 te
1138 4138 1314 4202 furenupnn

126 4240 335 4305 pertimescere?
354 4238 554 4303 lrnlnlprutinm
573 4236 625 4289 Dei
644 4237 697 4287 mei
707 4236 797 4299 liabeo,
816 4252 878 4286 riom
891 4236 970 4287 nrinoe
980 4242 1032 4288 tus
1048 4238 1089 4287 sic
1105 4244 1172 4288 euru
1188 4236 1262 4304 apud
1275 4248 1306 4286 on

132 4339 181 4402 qui
194 4338 230 4389 c'n
238 4339 337 4389 ristum
350 4338 448 4392 colunt.
462 4344 490 4388 ut
501 4337 615 4388 rabidus
627 4337 704 4387 curiis
716 4336 780 4386 dum
789 4350 873 4386 rocem
885 4350 964 4385 suam
974 4336 1102 4387 emiserit.

171 4434 204 4490 5.
230 4436 321 4488 Iratus
333 4439 426 4487 nutem
440 4434 726 4501 vehementerpraeses
737 4431 818 4498 jussit
830 4448 893 4485 eum
907 4431 936 4484 in
947 4430 1066 4498 equuleo
1079 4434 1211 4502 suspendi
1224 4438 1252 4488 et
1262 4449 1292 4487 uu

133 4532 200 4585 rudi.
214 4532 275 4599 Qun
289 4533 480 4585 sacrosanctus
492 4533 602 4585 Maurus
612 4532 639 4584 in
649 4530 747 4583 coelum
761 4528 924 4582 intendebat
935 4528 1023 4582 oculis
1034 4534 1062 4581 et
1074 4529 1114 4583 sic
1123 4532 1285 4601 superiores
