3270 5400
305 360 397 413 amr..
415 360 498 412 nna.
517 360 691 413 anonam..
711 382 757 392 -
776 361 924 413 trenno.
942 362 989 412 no
1007 360 1087 413 oon.
1104 346 1142 412 n⁰
1158 357 1283 414 rtur-or.
1362 339 1411 413 65

282 556 345 627 57⁰
369 554 411 626 ln
430 546 526 627 festo
544 551 704 626 Cornelii
728 559 764 627 et
792 553 955 646 Cipriani
980 560 1200 645 martyrum,
1219 574 1305 625 xrm
1330 552 1410 626 Kal.

329 668 407 743 Oct.
426 668 505 761 (fol.
523 668 739 761 303303).

225 801 311 853 Passio
323 798 411 853 sancti
423 798 542 852 Cornelii
554 798 626 851 edita
635 799 707 867 apud
718 798 915 861 llombritium,
925 803 992 854 tom.
1003 800 1024 853 1.

284 902 347 975 58⁰
367 900 506 973 Eodem
526 899 584 972 die
600 898 763 991 Cipriani
779 898 965 993 martyris,
979 900 1024 973 de
1042 899 1150 992 cujus
1167 898 1340 992 passione
1352 899 1414 971 ha>

332 1015 509 1089 lectiones
522 1015 560 1087 in
578 1027 619 1087 11⁰
635 1022 820 1088 nocturno
837 1016 1011 1107 leguntur
1029 1016 1108 1106 (fol.
1124 1015 1337 1106 tol-lot).

222 1147 286 1201 Acta
304 1147 377 1200 edila
392 1146 419 1199 in
438 1149 496 1199 Act.
508 1146 564 1210 SS,
576 1146 611 1199 ad
629 1145 654 1198 d.
673 1145 705 1199 ll
721 1145 802 1214 Sept,
814 1149 880 1199 torn.
892 1144 937 1207 lV,
948 1162 993 1214 pp.
1005 1145 1063 1209 333,
1073 1146 1131 1198 333.
1140 1170 1172 1179 -
1182 1144 1213 1197 ln
1224 1145 1283 1198 cod.
1295 1143 1412 1197 subinde

194 1244 308 1313 quedam
322 1243 424 1297 omissa
437 1247 509 1297 sunt.

283 1346 346 1419 59⁰
371 1343 566 1417 Dominica
583 1342 680 1416 infra
697 1350 849 1416 octavas
872 1342 991 1416 sancti
1009 1342 1197 1417 Lamberti
1215 1343 1294 1432 (sol.
1313 1343 1410 1416 205¹-

222 1591 362 1645 Lectiones
380 1591 532 1658 desumptre
544 1606 577 1643 ex
587 1589 647 1643 Vita
661 1606 744 1658 quam
757 1588 940 1642 indicarimus
951 1589 1105 1653 inodo,r'›6⁰,
1120 1589 1223 1643 scilicet
1236 1606 1312 1645 num.
1326 1592 1412 1657 933),

196 1691 327 1745 nonnullis
335 1689 450 1744 subinde
459 1689 489 1742 in
500 1689 560 1742 eorl.
572 1688 689 1742 omissis.

285 1794 349 1865 600
374 1790 468 1864 Vitae
485 1795 625 1864 sanctae
636 1790 838 1881 Elyznbeth
855 1790 933 1880 (sol.
952 1790 1094 1863 sos-⁶21
1105 1793 1165 1885 tt).

223 1923 412 1992 Fragmentum
424 1921 493 1975 Vitae
505 1920 592 1973 beatu
610 1920 757 1988 Elysabeth
771 1921 848 1986 cujus
860 1925 956 1973 auctor
966 1920 1018 1973 sub
1034 1920 1120 1973 oculis
1131 1920 1230 1974 habuit
1241 1921 1362 1976 libellum
1373 1925 1413 1978 De

199 2024 268 2075 dictio
284 2028 402 2089 quatuor·
417 2020 583 2073 ancillarum
600 2020 628 2071 S.
645 2018 787 2071 Elisabeth
805 2017 909 2071 editum
927 2017 999 2086 apud
1019 2017 1217 2084 Menckenium,
1235 2020 1334 2088 Scrr'pt.
1351 2021 1415 2076 Ber.

202 2122 288 2186 Germ,
300 2125 366 2173 tom.
377 2118 411 2181 ll,
423 2135 449 2186 p.
460 2117 526 2170 sola
542 2133 615 2185 sqq.;
634 2116 719 2169 immo
732 2116 882 2184 saepissime
894 2116 982 2185 ipsum
996 2117 1031 2170 ad
1044 2117 1159 2170 verbum
1171 2118 1321 2187 exscripsit.
1333 2119 1415 2173 Initio

202 2226 283 2274 lamen
294 2218 429 2274 scribendi
442 2216 511 2270 nitio
523 2217 640 2270 multum
654 2216 798 2283 discrepat.

495 2717 702 2829 Appendix
729 2717 779 2803 ad
803 2717 886 2805 rod.
916 2718 1108 2807 748386.

295 2954 331 2997 m:
351 2954 377 2998 s.
399 2953 549 2999 consumo
571 2954 649 2997 eser
671 2954 708 2997 er
730 2954 824 2997 rrssu.
853 2934 931 3017 (cn.
954 2955 1063 3017 supra,
1087 2955 1161 3017 pag.
1183 2936 1233 3011 60,
1256 2936 1313 3018 2⁰.)

170 3194 173 3201 Ι
243 3130 419 3185 lrc.lndiebus
427 3131 490 3195 illis,
499 3148 562 3186 curn
572 3131 717 3185 universus
726 3132 802 3186 orbis
812 3136 947 3184 terrarum
959 3130 1150 3184 Romanorum
1160 3131 1264 3185 ditione
1272 3137 1418 3201 gereretur,

221 3240 274 3281 auno
287 3236 342 3297 post
358 3230 514 3300 passionem
526 3230 637 3284 Domini
654 3230 805 3284 centesimo
823 3231 993 3299 octogesimo
1005 3246 1080 3283 nouo
1092 3230 1200 3294 Decius,
1212 3231 1419 3285 crudelissimus

223 3326 323 3393 omniun,
339 3330 454 3399 adeptus
471 3334 514 3383 est
530 3346 592 3383 curn
611 3329 668 3383 lilio
686 3329 837 3383 Volusiano
855 3329 1009 3397 imperium.
1027 3328 1080 3396 Qui
1097 3345 1161 3383 cum
1178 3329 1346 3383 crudelitatis
1363 3347 1419 3385 sum

225 3435 302 3478 teneus
311 3432 386 3481 terne
397 3426 524 3495 marique
533 3425 685 3489 infudisset,
698 3427 831 3495 plurimos
843 3431 1002 3480 sanctorum
1014 3443 1063 3495 per
1075 3431 1213 3481 tormenta
1225 3427 1321 3496 dignos
1333 3433 1419 3483 trans·

203 3522 214 3569 t
225 3519 279 3575 nisit
285 3525 313 3577 ad
319 3543 439 3596 superos,
448 3531 476 3580 et
486 3525 514 3579 in
526 3530 631 3580 tanturn
643 3526 705 3579 llrlei
715 3524 766 3593 [et]
776 3525 918 3580 christiani
930 3525 1052 3579 nominis
1063 3526 1156 3580 odium
1170 3527 1293 3596 prorupit
1302 3532 1333 3582 ut
1342 3528 1419 3584 cleri-

226 3621 313 3677 rossiue
322 3625 459 3680 audientia
471 3624 572 3694 passim
586 3625 674 3694 puniri
687 3625 851 3694 praeciperet.
869 3625 972 3679 Eodem
993 3630 1115 3694 ternpore
1127 3630 1187 3679 erat
1197 3626 1295 3680 Rornae
1306 3628 1419 3682 sanctis·

226 3713 289 3773 timus
296 3739 365 3794 papa,
376 3724 489 3779 nomine
501 3724 651 3789 Cornelius,
663 3740 697 3777 ex
714 3726 842 3793 prosapia
859 3724 947 3778 sancti
964 3724 1092 3778 Dalmatii
1111 3744 1117 3777 :
1135 3741 1199 3777 nam
1217 3725 1268 3794 ipsi
1285 3727 1368 3780 ambo
1385 3728 1419 3780 de

227 3818 315 3881 qonm
332 3824 417 3879 nobili
436 3824 566 3893 progenie
586 3823 792 3876 Adamavorum
814 3823 897 3877 luisse
920 3823 1084 3886 referuntur,
1104 3839 1165 3891 quaa
1185 3823 1256 3877 inter
1279 3824 1420 3880 Romanos

227 3912 316 3977 emicuit
331 3924 436 3979 Etenim
455 3924 501 3977 ille
518 3923 623 3993 primus
640 3921 792 3987 Cornelius,
809 3923 837 3975 in
854 3922 1023 3976 secularibus
1040 3922 1173 3991 gloriosus
1190 3923 1375 3991 dignitatibus,
1392 3931 1421 3979 et

193 4009 217 4059 ¹⁰
228 4007 262 4065 ΝΟ
273 4018 328 4077 aliu
337 4030 446 4079 sanctus
458 4023 506 4093 qui
519 4021 547 4076 in
559 4022 673 4076 Actibus
688 4021 884 4091 Apostolorum
896 4022 1055 4077 inscribitur
1066 4022 1154 4075 laudis
1166 4039 1222 4076 suoe
1231 4024 1375 4092 praeconio,
1387 4026 1421 4079 de

229 4106 268 4162 hle
276 4114 341 4176 luisse
351 4128 550 4177 memorantur.
567 4122 618 4176 Hic
637 4122 718 4190 igitur
735 4121 885 4186 Cornelius
902 4126 980 4190 patre
997 4120 1122 4176 Crastino
1139 4122 1251 4176 nornine
1268 4130 1421 4192 generatus,

230 4218 297 4268 ”tem
306 4223 468 4289 apostolatus
484 4226 596 4275 strenue
607 4220 770 4290 gubernarit
787 4236 875 4273 nnnos
887 4220 964 4283 duos,
976 4236 1086 4274 menses
1103 4220 1227 4274 similiter
1239 4222 1309 4276 duos
1320 4228 1348 4277 et
1364 4224 1422 4278 dies

231 4305 666 4389 tretl'abianosuocedenm(purique,
672 4319 774 4388 ingenti
781 4319 844 4372 ficei
852 4335 946 4373 anrore
954 4318 1176 4377 fervidusminas
1183 4322 1306 4391 sacrilegi
1314 4324 1422 4392 tyranni

231 4416 392 4485 turanum,
403 4420 442 4474 ita
459 4425 489 4473 ut
510 4424 575 4474 tunc
593 4424 703 4488 neptem
722 4418 826 4473 Galloni
845 4418 969 4487 Augusti,
986 4418 1099 4472 nomine
1117 4419 1245 4474 basillam
1258 4423 1421 4477 senatricem

197 4500 222 4549 η
232 4498 370 4575 hllfizurerit
377 4524 460 4590 atque
474 4535 589 4589 corpora
600 4523 757 4572 sanctorum
768 4518 957 4587 apostolorum
967 4518 1001 4570 de
1011 4517 1185 4572 (latacumbis
1197 4525 1279 4573 noctu
1291 4521 1421 4577 levaverit

233 4602 371 4673 attatum
382 4619 411 4673 iu
422 4618 515 4673 blonte
531 4618 624 4672 Aureo
642 4617 772 4688 posuerit,
789 4617 872 4671 tertio
888 4616 1073 4670 Kalendarum
1091 4617 1163 4671 lulli
1180 4618 1322 4688 Similique
1338 4623 1422 4676 modo

234 4696 295 4759 ’ΜΠ
304 4714 357 4769 lunc
364 4717 498 4786 quosdam
510 4714 617 4770 nobiles
628 4715 784 4784 baptizavit.
793 4713 856 4767 Fuit
867 4729 988 4783 namque
1001 4714 1029 4768 in
1041 4714 1182 4783 provincia
1194 4715 1284 4784 Frigia
1295 4717 1423 4774 Cleonius

306 4824 387 4870 aaran
403 4832 487 4871 nnus.
502 4832 528 4870 r.
545 4832 573 4870 rr.
1308 4818 1326 4871 5
