3270 5400
337 358 429 410 mnu.
448 356 529 407 nno.
548 353 721 406 nnuxrnn.
742 373 788 383 —
807 344 1136 419 conn.1t¹⁸2037t·77,
1155 347 1295 402 soora-ni.
1358 325 1430 399 aab

645 545 703 599 Hac
721 544 749 597 in
765 543 810 596 die
827 547 933 595 mentes
949 540 1001 609 piae

644 644 708 700 Gaeli
725 645 841 712 Junqant
858 640 991 695 armoniae

644 742 761 797 Plausus
778 747 806 797 et
823 740 951 811 tripudia.

639 962 984 994 -—-———'-=

393 1220 557 1309 0x0111.
585 1220 708 1308 Codex
732 1221 917 1331 signatus
942 1239 988 1305 n⁰
1014 1217 1230 1309 20677-81.

231 1461 283 1515 llic
294 1458 497 1514 exhibenturin
506 1457 648 1512 involucro
665 1473 819 1526 papyraceo
839 1456 995 1510 coodunata
1004 1462 1031 1510 et
1042 1457 1076 1510 ad
1089 1456 1206 1510 invicem
1220 1456 1284 1511 lune
1304 1456 1431 1526 colligata

197 1561 352 1630 fragmenta
363 1559 489 1627 quiedam
503 1556 644 1611 codicibus
662 1555 718 1610 suis
738 1556 842 1610 avulsa¹
859 1555 966 1610 Horum
983 1572 1043 1624 quae
1061 1555 1240 1610 membraneo
1255 1560 1320 1610 sunt
1336 1571 1431 1610 recen·

197 1677 291 1715 semus
303 1678 310 1712 ἶ

196 1828 216 1881 l.
234 1826 374 1881 Foliorum
386 1825 412 1888 8,
420 1825 517 1878 formae
528 1822 644 1877 minoris
653 1823 758 1888 (0¹¹¹‚164
773 1830 798 1878 Χ
812 1822 898 1885 odil)
906 1821 987 1876 lineis
995 1821 1083 1890 plenis
1095 1821 1227 1891 graphide
1236 1821 1325 1876 ductis
1336 1837 1429 1876 exara·

229 1931 288 1980 turn
298 1942 352 1979 sec,
363 1923 419 1977 XV.
431 1923 516 1978 Tituli
528 1922 672 1986 rubricati3
682 1922 804 1990 itemque
814 1921 912 1976 litterae
921 1921 1051 1989 majores.

295 2077 361 2168 [De
375 2075 563 2149 miraculis
582 2076 642 2148 gae
653 2074 855 2167 Barbarael.

229 2205 391 2260 Parslibelli
403 2206 436 2259 de
445 2205 586 2260 miraculis
595 2205 641 2258 sce
652 2203 781 2258 Barbarae
792 2204 827 2258 dc
839 2220 895 2272 quo
902 2205 959 2272 jam
969 2221 1042 2273 saepe
1053 2209 1145 2258 actum
1154 2209 1204 2259 est.

194 2373 229 2426 ll.
245 2372 386 2427 Foliorum
398 2374 422 2436 8,
435 2372 530 2426 lormae
543 2370 658 2425 minoris
666 2371 752 2437 (atad
766 2378 791 2427 ><
805 2370 986 2436 0,139)‚lineis
995 2369 1083 2439 plenis
1092 2372 1224 2439 graphide
1233 2372 1321 2426 ductis
1334 2389 1426 2427 exara·

228 2477 287 2527 turn
300 2489 353 2526 sec.
365 2472 435 2525 XlV.
446 2471 530 2525 Tituli
542 2470 681 2535 rubricati,
693 2470 813 2539 itemque
822 2469 919 2525 litterae
931 2471 1057 2538 majores.
1069 2470 1131 2525 Fuit
1143 2471 1208 2525 olim
1221 2470 1306 2526 llusei
1318 2471 1427 2526 Bollan-

227 2572 310 2636 diani,
328 2575 359 2625 ut
375 2570 512 2639 conjicere
532 2569 596 2624 licet
610 2586 644 2623 ex
660 2569 775 2625 vocibus
793 2570 853 2625 istis
873 2572 990 2639 ncqeue
1001 2586 1017 2623 a
1030 2569 1110 2624 Patre
1129 2575 1223 2624 nostro
1236 2571 1427 2639 Papebrochio

229 2670 274 2726 iol.
286 2674 310 2726 1¹
321 2671 464 2740 inscriptis.

296 2823 332 2893 1⁰
356 2819 485 2895 Passio
504 2819 730 2894 sanctissimi
747 2820 923 2913 martyris
936 2818 1074 2893 Christi
1089 2820 1209 2893 Mame
1221 2821 1265 2894 de
1279 2820 1425 2896 Cesarie

342 2936 570 3030 Capadociae,
590 2934 653 3028 qui
667 2937 738 3010 fuit
752 2937 955 3010 translatus
969 2957 1033 3028 per
1045 2935 1293 3010 verrerabilem
1307 2939 1423 3011 dorni·

342 3073 434 3124 num
448 3051 639 3124 Domuum
654 3049 904 3143 patriarcham
914 3050 1079 3143 Aquileac
1093 3073 1193 3124 anno
1207 3051 1355 3126 Domini
1368 3053 1423 3127 ⁴⁵...

342 3165 381 3238 in
399 3166 579 3240 comitatu
595 3165 722 3258 Aretii,
749 3166 787 3240 in
808 3168 890 3241 loco
912 3165 977 3239 ubi
1002 3164 1134 3240 dicitnr
1151 3174 1281 3241 sancto
1298 3168 1423 3242 Marna

343 3282 416 3378 (fol.
435 3282 545 3380 1‘-5”).

226 3414 308 3470 Edita
319 3412 392 3480 apud
403 3412 600 3475 nombriuum,
612 3416 680 3466 tom.
689 3412 723 3465 ll.

294 3513 332 3586 2⁰
357 3512 558 3586 Conversio
575 3513 695 3586 beatae
712 3511 898 3587 Katerinae
915 3511 1068 3604 virginis
1089 3517 1126 3585 et
1151 3514 1326 3605 martyris
1348 3515 1377 3609 (l
1401 3516 1423 3588 l.

344 3630 456 3726 bl-ss').

196 3761 199 3768 ’
227 3760 296 3815 Vide
314 3775 405 3827 supra,
418 3776 444 3828 p.
456 3760 510 3824 164,
524 3760 579 3824 165,
591 3774 697 3812 numm.
709 3759 733 3823 4,
744 3759 769 3812 5.
785 3784 818 3796 -
829 3757 960 3825 Sequitur
972 3756 999 3811 in
1014 3758 1073 3811 cod.
1090 3759 1204 3827 Recepta
1222 3778 1239 3812 α
1254 3763 1318 3826 socc
1338 3762 1424 3815 buouo

194 3861 355 3914 cochomo.

193 4025 240 4079 lll.
250 4024 391 4078 Foliorum
405 4024 444 4087 16,
456 4023 553 4076 formae
565 4021 679 4075 minoris
689 4022 794 4089 (0¹¹²,153
805 4028 831 4079 ><
842 4021 936 4088 alla),
948 4021 1027 4076 lineis
1038 4022 1126 4091 plenis
1139 4025 1209 4092 stylo
1225 4024 1313 4079 lerreo
1326 4026 1422 4093 ductis,

227 4128 370 4178 exaratum
383 4139 437 4176 sec.
454 4122 511 4177 llll.
527 4122 589 4175 Fuit
601 4121 666 4175 olim
679 4126 710 4175 ut
722 4120 830 4175 videtur
841 4120 926 4174 llusei
944 4120 1125 4187 Bollandiani‚
1142 4140 1207 4177 nam
1224 4124 1271 4178 fol.
1289 4127 1313 4179 1³
1324 4127 1424 4195 scripta

227 4229 293 4279 sunt
311 4223 454 4292 sequentia
472 4223 483 4247 ⁸
506 4223 641 4290 Excerptn
663 4237 695 4275 ex
713 4224 789 4276 Actis
800 4222 961 4275 Sanctorum
980 4236 1030 4288 pro
1045 4222 1075 4274 ln
1087 4225 1115 4275 et
1132 4224 1164 4276 13
1175 4222 1302 4278 Octobris
1321 4266 1332 4290 „
1352 4227 1424 4294 quod

226 4322 324 4377 alludit
335 4323 370 4375 ad
382 4320 557 4376 collectanea
568 4320 615 4375 illa
633 4319 821 4385 Bollandiana,
837 4335 899 4388 quae
916 4320 987 4374 benc
1005 4320 1093 4375 multa
1110 4321 1138 4375 in
1155 4322 1240 4390 Regia
1256 4322 1425 4378 Bruxellensi

226 4425 369 4476 asservata
380 4425 452 4474 suut.

292 4569 379 4642 Vita
391 4569 428 4642 S.
446 4567 609 4642 Adalrici
622 4569 702 4661 [seu
713 4566 837 4660 potius
851 4568 911 4640 Su
925 4566 1055 4641 Odiliae
1068 4567 1425 4668 Hohenburgensis].

225 4703 308 4759 Edita
320 4700 348 4755 in
361 4703 422 4756 Act.
433 4701 480 4756 SS.
494 4702 523 4756 0.
533 4701 559 4755 S.
568 4702 611 4765 13„
622 4715 676 4753 sec.
687 4697 734 4763 Ill,
746 4702 816 4766 part.
825 4715 852 4764 n,
862 4714 887 4765 p.
896 4698 946 4753 488
958 4716 1017 4769 sqq.

1449 3039 1463 3066 ⁰
1476 3040 1504 3091 io
1515 3040 1572 3093 cod.
1584 3055 1615 3119 op

1464 3107 1534 3158 tium
1545 3106 1629 3158 relect.

1489 3187 1613 3224 vacuum.
