3270 5400
164 377 255 429 amr..
273 376 354 430 aaa.
372 376 546 429 aauxana.
565 398 612 409 -
630 376 777 430 lernau.
796 378 843 430 an
861 376 1193 430 coo.o.1>rr11.a.ara
1225 358 1297 430 469

65 566 208 639 presbyter
218 566 253 620 ad
265 565 406 621 basilicam
419 559 482 621 ou'm
494 566 609 636 puerulo
622 571 650 621 et
667 567 783 622 diacono
801 584 860 622 suo.
880 567 1031 622 Diaconum
1045 583 1094 636 pro
1113 567 1218 622 iuribus
1230 567 1297 622 basi·

64 668 123 722 lica
132 666 281 721 subsistere
292 666 427 736 praecepit,
440 666 498 736 ipse
511 683 574 721 curn
584 681 669 736 puero
679 666 793 721 interius
803 666 922 721 intravit.
933 667 968 721 tlt
977 667 1140 721 venerabilis
1150 666 1299 736 presbyter,

65 766 112 835 qui
130 781 163 820 ex
181 782 236 835 quo
255 764 450 819 revelationem
468 765 595 834 martyris
613 764 768 835 inquirendi
786 770 937 834 acceperat,
952 765 1063 834 jejuniis
1081 770 1109 819 et
1129 765 1300 819 orationibus

66 864 261 920 convenienter
272 866 361 919 luerat
369 865 505 919 intentus:
516 870 542 919 el
555 865 583 918 in
596 866 702 920 marino
714 864 834 934 periculo
847 865 882 918 ab
891 865 1017 918 hostibus
1026 864 1127 918 mentis
1139 869 1167 919 et
1178 865 1300 933 corporis

32 974 48 1023 tt
65 964 205 1025 liberatus,
216 967 248 1017 ut
259 963 372 1025 bonum,
384 963 458 1030 quod
471 963 540 1017 bene
552 967 679 1032 coeperat,
693 962 792 1018 melius
810 963 951 1032 perficeret
964 967 991 1016 et
1009 963 1112 1032 optime
1129 978 1302 1017 consumma·

66 1068 115 1127 rel,
127 1063 155 1116 in
168 1062 292 1116 oratione
304 1077 393 1131 genua
404 1061 489 1116 nectit
502 1067 529 1115 et
541 1079 655 1131 puerum
668 1067 729 1132 post
740 1079 769 1117 se
779 1067 851 1117 stare
861 1062 996 1131 praecepit.
1008 1062 1104 1116 Brevis
1117 1079 1166 1131 pro
1179 1067 1301 1132 ternpore

66 1162 118 1216 luit
138 1161 241 1225 oralio;
260 1161 324 1229 quia
341 1161 440 1215 timore
461 1161 673 1215 Sarracenorum
694 1177 750 1216 non
768 1160 858 1230 potuit
878 1161 980 1216 diutius
993 1161 1021 1215 in
1041 1161 1139 1216 eodem
1163 1177 1241 1216 orare
1259 1161 1303 1215 vel

67 1263 215 1317 subsistere
233 1260 303 1315 loco.
323 1261 376 1314 Sed
393 1266 542 1330 antequam
564 1260 717 1315 orationem
738 1266 951 1326 consummaret,
971 1261 1018 1330 qui
1037 1265 1100 1331 post
1120 1278 1184 1316 eum
1205 1262 1303 1327 stabat,

67 1361 198 1416 clamavit
219 1377 311 1430 puer:
331 1363 453 1427 Domine,
475 1362 597 1426 Domine,
621 1378 675 1419 erce
698 1363 741 1414 vir·
764 1364 875 1430 quidem
897 1364 1012 1415 muttum
1030 1362 1154 1430 pulcher.
1175 1363 1229 1416 Hie
1251 1369 1304 1416 stat

19 1467 50 1517 to
61 1465 149 1529 juxte
166 1480 214 1515 me.

111 1559 167 1616 10.
196 1557 341 1627 Presbyter
358 1563 451 1613 autem
476 1562 507 1613 ut
530 1559 589 1613 baec
611 1576 627 1611 a
650 1575 734 1627 puero
760 1559 873 1624 audivit,
891 1563 973 1630 caput
995 1560 1069 1629 quod
1091 1558 1126 1613 ad
1151 1559 1303 1615 orationem

68 1659 200 1728 usquead
214 1662 314 1713 terram
327 1658 513 1724 inclinaverat,
528 1675 638 1712 sursum
651 1659 745 1725 erexit,
757 1664 784 1713 et
801 1663 863 1728 post
880 1676 909 1712 se
921 1659 1070 1728 respiciens
1088 1659 1195 1713 nullum
1207 1665 1306 1729 praeter

69 1776 184 1828 puerum
197 1758 272 1812 vidit.
284 1758 364 1812 Tarne
376 1759 517 1827 presbyter
529 1774 614 1827 puero
627 1758 711 1812 dixit:
725 1759 790 1823 Fili,
803 1761 891 1827 acerbe
903 1767 958 1812 tres
968 1761 1081 1827 lapidea,
1091 1767 1113 1813 et
1123 1762 1230 1828 poncia
1242 1761 1305 1826 loco,
1343 1756 1348 1764 ’

68 1861 116 1914 ubi
126 1865 257 1913 steterunt
268 1860 345 1912 illius
357 1860 413 1911 viri
422 1860 509 1924 pedes.
522 1857 593 1911 Puer
605 1863 697 1911 autem
713 1857 845 1912 obediens
862 1858 921 1927 ejus
938 1863 1073 1926 praecepto
1093 1858 1187 1926 posuit
1201 1858 1307 1927 lapides

22 1962 51 2011 tt
69 1958 97 2012 in
109 1958 180 2012 ioco.
192 1957 329 2011 Diaconos
342 1961 434 2010 autem
453 1957 499 2025 qui
519 1973 568 2026 pro
586 1957 691 2010 loribus
709 1957 863 2011 excubabat
880 1973 913 2011 ex
928 1963 1062 2027 praecepto
1080 1958 1185 2013 domini
1204 1958 1254 2025 sui,
1271 1959 1307 2013 ad

70 2061 170 2111 nautas
190 2057 236 2127 qui
254 2056 410 2110 naviculam
427 2056 619 2110 custodiebant
640 2056 765 2125 perrexit,
785 2060 812 2110 et
831 2057 870 2110 eis
887 2057 1035 2126 assumptis
1052 2074 1115 2112 curn
1134 2058 1307 2112 ferramentis

70 2155 193 2211 fossoriis
206 2160 234 2209 et
247 2156 281 2209 ad
294 2155 443 2209 maceriam
456 2155 649 2224 perforandam
668 2155 746 2224 aptis,
759 2171 819 2224 quae
831 2171 925 2209 secum
943 2156 1101 2223 attulerant,
1113 2158 1148 2211 ad
1165 2157 1306 2212 basilicam

70 2253 158 2308 rediit
168 2253 210 2306 Ad
222 2269 291 2323 opus
301 2253 439 2321 inceptum
455 2268 551 2306 omnes
563 2257 663 2322 preter
675 2268 791 2320 puerum
805 2269 834 2306 se
846 2253 1010 2321 accingunt:
1023 2258 1051 2307 et
1062 2255 1090 2309 in
1104 2254 1196 2310 locum
1208 2255 1255 2309 uhi
1267 2256 1309 2310 vir

70 2356 184 2408 steterat
195 2356 223 2406 et
233 2368 300 2422 puer
312 2352 417 2420 lapides
436 2356 573 2420 posuerat,
593 2356 694 2405 terram
713 2352 855 2414 effodiunt,
874 2352 922 2406 sed
945 2352 1104 2407 thesaurum
1124 2355 1308 2410 desideratum

23 2457 54 2509 20
70 2452 186 2506 minime
198 2451 351 2506 inveniunt.
361 2452 446 2506 Fossa
458 2455 550 2505 autern
561 2467 644 2519 quam
658 2452 788 2516 fecerant,
797 2452 1007 2506 fundamentum
1018 2453 1137 2507 basilica
1149 2455 1309 2509 nudaverat.

72 2553 104 2608 In
116 2552 195 2620 cnjus
207 2550 392 2619 profunditate
405 2550 498 2604 vident
515 2551 633 2619 lapidem
648 2551 742 2604 album
755 2550 875 2619 speciem
888 2552 1037 2606 habentem
1056 2553 1227 2622 sarcophagi,
1240 2553 1310 2608 inter

73 2655 179 2706 ceteros
190 2649 294 2719 lapides
312 2649 450 2719 paulisper
462 2649 673 2718 supereminere.
692 2648 754 2704 hlox
767 2650 933 2704 venerabilis
946 2651 1087 2720 presbyter
1104 2652 1158 2706 fide
1176 2653 1271 2721 plenus
1283 2657 1310 2707 et

73 2750 107 2804 de
117 2750 249 2803 thesauro
259 2750 317 2817 jam
329 2747 382 2801 sibi
395 2747 422 2802 in
435 2747 569 2802 visionem
582 2752 693 2802 ostenso
712 2748 869 2804 inveniendi
886 2766 1009 2814 securus,
1022 2755 1130 2821 arrepto
1143 2751 1309 2807 ferramento

72 2848 194 2917 lapidem
207 2847 321 2902 viriliter
332 2847 486 2917 percutiens
498 2848 526 2901 in
544 2847 631 2900 frusta
648 2847 820 2902 confractum
839 2848 938 2915 deiecit
950 2865 983 2904 ex
995 2850 1081 2904 latere
1094 2834 1159 2905 uno.¹
1171 2850 1222 2918 Qut
1236 2851 1310 2906 intus

26 2953 56 3003 25
74 2946 296 3016 circumspiciens
309 2946 509 3016 sarcophagum
527 2946 648 3015 ligneum
661 2946 774 3002 invenit.

119 3048 177 3103 11.
202 3044 327 3115 Cumque
338 3060 438 3099 manus
450 3048 507 3098 tam
520 3044 579 3112 ipse
591 3060 674 3112 quam
687 3045 753 3099 socii
766 3046 825 3114 ejus
837 3045 1000 3114 injecissent,
1009 3050 1040 3101 ut
1052 3064 1115 3102 eum
1134 3047 1168 3101 de
1184 3064 1234 3102 suo
1247 3048 1309 3103 loco

75 3150 278 3216 promoverent,
291 3147 384 3198 tantus
401 3143 471 3196 odor
482 3146 510 3196 et
521 3146 578 3195 tam
591 3141 737 3196 inerrabilis
749 3142 783 3196 de
795 3159 828 3197 eo
841 3143 972 3207 ascendit,
984 3148 1015 3197 ut
1028 3143 1073 3197 vix
1087 3144 1235 3198 subsistere
1246 3162 1310 3214 pos·

75 3250 136 3301 sent
147 3245 225 3315 quasi
239 3245 267 3298 in
279 3243 364 3297 extasi
378 3241 455 3311 rapti.
474 3241 597 3294 Tandem
617 3241 765 3310 resumptis
783 3242 886 3295 viribus
903 3243 962 3296 Deo
979 3243 1080 3311 gratias
1098 3248 1218 3311 agentes,
1231 3250 1258 3298 et
1277 3245 1311 3298 de
1362 3269 1366 3273 ·

76 3344 221 3417 praesentia
232 3343 358 3410 martyris
368 3358 416 3410 per
429 3341 542 3395 odorem
554 3340 701 3394 mirificum
714 3341 931 3394 demonstratum
949 3342 1065 3396 minime
1078 3342 1242 3407 dubitantes,
1253 3359 1311 3412 par-

29 3447 58 3498 ld
78 3449 134 3499 tem
144 3444 225 3507 funis,
235 3458 317 3512 quem
328 3441 361 3495 de
371 3457 443 3510 aqua
455 3441 582 3506 tulerant,
594 3445 738 3494 assumunt
747 3445 775 3494 et
787 3440 955 3509 sarcophago
966 3440 1185 3509 circumligantes
1197 3442 1225 3495 in
1235 3447 1312 3495 vecte

75 3543 166 3613 ligneo
179 3545 292 3610 ponunt.
305 3540 382 3594 Tunc
395 3539 561 3593 reverendus
569 3539 710 3609 presbyter
720 3543 746 3592 et
762 3538 821 3607 ejus
840 3538 971 3591 diaconus
981 3554 1014 3592 eo
1025 3544 1166 3607 assumpto
1179 3539 1313 3594 inhume-

77 3642 122 3706 ris,
132 3657 195 3695 curn
208 3654 318 3694 summa
328 3638 504 3692 festinatione
518 3642 633 3708 pergunt
644 3638 679 3691 ad
690 3637 754 3690 litus
767 3637 858 3691 maris.
871 3637 936 3690 Erat
948 3637 1038 3690 adhuc
1050 3653 1115 3690 nox.
1127 3637 1198 3692 Puto
1213 3641 1312 3707 marty-

77 3757 135 3795 rem
148 3738 309 3808 hujusmodi
321 3738 505 3807 gestatoribus
516 3737 690 3801 delectatum,
700 3735 747 3804 qui
760 3752 822 3789 curn
836 3735 933 3790 fuisset
941 3734 1073 3790 diaconus
1083 3737 1156 3791 vices
1164 3737 1313 3791 sacerdotis

78 3839 222 3907 diligenter
234 3841 276 3891 est
288 3841 427 3890 executus.

29 3941 61 3992 35
124 3935 179 3993 12.
200 3938 274 3990 Inter
291 3934 445 3987 Valentiam
463 3933 603 3988 civitatem
622 3937 649 3987 et
660 3933 724 3986 titus
744 3930 882 3986 marinum
894 3933 923 3985 in
934 3948 1018 3986 arena
1034 3937 1140 3988 eranta
1158 3934 1314 3989 Sarracenis

79 4036 160 4089 fossae
174 4033 252 4087 laetae
265 4031 344 4084 valde
353 4029 496 4099 profundae
508 4034 535 4082 et
544 4028 671 4082 horridae.
685 4028 809 4097 Cumque
825 4032 975 4097 gestatores
987 4029 1057 4083 sacri
1070 4030 1191 4099 corporis
1201 4030 1229 4084 in
1242 4036 1314 4085 tene·

79 4135 136 4189 bris
148 4130 344 4202 corporalibus,
360 4129 426 4199 quia
437 4145 491 4183 nox
511 4133 576 4193 erat,
592 4128 751 4192 inciderent,
770 4128 901 4182 diaconus
920 4112 967 4197 qui
984 4131 1163 4198 precedebat,
1183 4130 1211 4184 in
1229 4147 1312 4186 unam

80 4249 177 4289 earum
189 4231 280 4285 subito
294 4229 399 4284 cecidit.
412 4228 544 4282 Mirares!
555 4227 687 4282 diaconus
697 4226 745 4296 qui
757 4228 926 4297 portabatur,
936 4229 1000 4283 vivo
1013 4230 1128 4284 cadente
1138 4232 1161 4295 *,
1173 4247 1228 4285 non
1246 4231 1314 4285 ceci·
1392 4230 1407 4261 t
1423 4231 1479 4284 cod.

80 4333 136 4397 dit,
148 4332 197 4386 sed
210 4330 369 4399 presbytero
379 4344 413 4382 ex
423 4344 479 4382 nna
489 4331 565 4396 parte
581 4331 714 4396 gestante,
728 4326 814 4380 virtus
823 4325 916 4381 divina
929 4342 961 4380 ex
974 4328 1060 4381 altera
1072 4332 1147 4396 parte
1159 4344 1195 4383 ne
1207 4330 1316 4384 caderet
1371 4296 1501 4350 cadende·

31 4433 63 4486 to
80 4429 218 4485 sustinuit.
231 4429 267 4482 nt
279 4427 421 4496 presbyter
439 4441 533 4478 casum
545 4424 652 4477 diaconi
672 4440 721 4478 nec
735 4423 812 4488 vidit,
824 4440 874 4477 nec
892 4423 984 4478 sensit.
1000 4425 1065 4492 Cur,
1078 4425 1173 4495 inquit,
1189 4443 1243 4480 non
1249 4406 1314 4495 per·

78 4533 146 4598 pis?
159 4531 251 4596 Quare
271 4535 329 4581 stus
351 4526 520 4580 immobilis?
535 4524 630 4591 Perge,
643 4526 709 4591 quia
729 4540 783 4576 non
804 4531 841 4576 eat
860 4524 937 4576 nobis
955 4526 1020 4577 utile
1037 4527 1080 4577 ln‘c
1096 4526 1145 4577 dia
1162 4527 1314 4580 mebaictere.

80 4628 159 4681 Tunc
171 4626 303 4680 diaeonus
316 4624 349 4678 de
361 4623 498 4693 profundo
510 4622 632 4675 clamans
646 4621 735 4686 fossae,
744 4623 888 4688 Qrcomovlo,
897 4621 992 4689 inquit,
1002 4639 1115 4689 possum
1127 4625 1254 4690 incedere,
1267 4626 1316 4692 qai

79 4729 110 4778 in
118 4726 261 4793 profundo
273 4725 357 4790 trojus
375 4739 435 4776 erim
448 4724 586 4775 demersus
596 4722 677 4787 fouere
687 4725 701 4774 ?
712 4720 834 4774 Audiens
852 4720 906 4773 hoc
925 4721 1067 4789 presbyter
1078 4721 1149 4775 ultra
1166 4738 1248 4790 quam
1260 4722 1314 4777 dici
