3270 5400
197 338 291 391 eran.
308 337 391 392 arc.
409 338 582 393 annnam.
602 361 649 373 -
667 339 816 394 aaaron.
833 341 880 394 an
897 342 978 394 con.
996 342 1033 394 m
1050 340 1173 395 acce-sc.
1228 320 1301 397 223

77 530 205 586 omnibus
221 529 317 585 amicis
333 530 401 599 ejus,
418 533 449 583 ut
466 529 494 584 in
511 545 544 584 ea
558 529 637 600 quasi
651 529 681 583 in
697 529 818 599 quodam
834 529 945 598 speculo
962 528 1138 595 lucidissimo,
1150 531 1300 587 redivivam

77 629 282 698 quodammodo
292 629 404 683 rideant
415 643 498 696 quam
511 626 665 683 dilexerunt
676 631 704 681 et
714 631 840 696 satagant
852 626 961 682 imitari.
975 627 1135 696 Specialiter
1145 633 1238 685 tumen
1249 630 1303 697 bis,

77 728 122 799 qui
132 744 196 782 eam
208 727 354 795 specialius
368 726 466 781 ceteris
477 726 632 781 dilexerunt
643 732 671 781 et
682 743 753 796 quos
767 724 911 797 specialius
923 727 981 796 ipsa
992 727 1094 794 dilexit,
1102 745 1201 783 censeo
1215 735 1302 785 trans·

77 828 252 883 mittendum.
263 827 384 882 Obsecro
396 827 489 895 itaque
500 842 548 881 eos
562 826 609 896 qui
620 825 717 881 lecturi
728 831 800 891 sunt,
812 830 843 880 ut
854 826 876 880 si
889 826 959 881 forte
970 827 1034 882 huic
1043 834 1144 882 nostrae
1152 829 1302 884 narrationi

51 928 64 978 t
77 925 217 981 insolitum
230 925 296 994 quid
305 929 333 979 et
341 924 627 979 auditum*insertum
639 924 837 988 luerittemere
846 940 902 978 non
911 925 1302 993 reprehendantsedDeo,cui
1351 933 1366 961 ·
1376 935 1498 1001 meod„-

76 1025 144 1081 nibil
155 1024 418 1079 difficileesttotum
430 1022 567 1077 ascribere
578 1028 681 1078 curent
1352 998 1495 1121 '‘gfff'‘

111 1127 175 1192 Cap.
188 1126 208 1177 Ι
213 1126 293 1178 initio
300 1131 362 1193 post
373 1124 462 1189 serbo,
474 1125 535 1177 orta
543 1122 711 1191 parentibus,
723 1126 753 1176 in
765 1126 821 1177 cod.
829 1125 910 1177 add:

108 1222 193 1277 Bonis
202 1221 270 1277 viris
280 1224 307 1275 et
316 1219 450 1290 religiosis
460 1218 624 1274 mulieribus
640 1219 743 1273 ibidem
758 1219 919 1289 degentibus
934 1222 1169 1291 consanguinitate
1177 1224 1303 1292 proxima

79 1326 160 1382 tuisse
171 1329 350 1381 memoratur.
363 1323 495 1392 Quamvis
510 1323 583 1378 enim
598 1322 731 1392 oppidum
745 1323 920 1377 illudmultas
930 1323 1072 1391 utriusque
1080 1338 1163 1377 sexus
1170 1338 1303 1391 personas

45 1418 68 1470 ii
79 1426 146 1480 iutra
157 1442 188 1479 se
200 1424 348 1489 contineat,
360 1440 421 1493 qua
439 1424 554 1478 terrenis
573 1423 712 1479 inhiantes
728 1422 869 1477 desideriis
885 1422 1001 1477 salutem
1018 1422 1172 1476 animarum
1189 1438 1301 1477 suarum

81 1524 283 1594 parvipendant,
296 1540 311 1577 e
324 1523 432 1577 diverso
445 1527 538 1577 tamen
550 1521 696 1577 nonnullos
706 1522 793 1576 babet
804 1523 878 1576 viros
889 1521 917 1576 in
928 1522 988 1590 lege
998 1521 1048 1576 Dei
1059 1521 1211 1586 timoratos,
1219 1521 1303 1591 pluri·

82 1623 262 1692 masrirgincs
268 1622 386 1677 Domino
395 1622 494 1678 devote
502 1621 660 1684 servientes,
665 1621 798 1690 quasdam
805 1619 888 1674 etiarn
897 1620 947 1689 piae
955 1619 1170 1675 conversationis
1177 1620 1302 1686 inclusas,

83 1738 137 1791 qua
148 1722 261 1778 excluso
273 1739 290 1776 a
301 1738 331 1776 se
342 1726 403 1777 toto
415 1722 520 1776 mundo
531 1725 603 1775 totas
612 1737 642 1775 se
650 1719 818 1775 incluserunt
830 1736 894 1774 oum
905 1720 971 1783 Deo,
980 1737 997 1774 a
1007 1735 1063 1789 quo
1075 1735 1199 1789 supernae
1210 1719 1303 1789 gratiae

85 1822 235 1892 frequenter
243 1820 345 1891 pabulo
357 1820 524 1885 reficiuntur,
531 1819 569 1874 ita
576 1819 642 1874 utin
651 1820 704 1874 hac
712 1823 789 1889 parte
797 1818 869 1873 idem
880 1819 1009 1888 oppidum
1018 1818 1095 1887 quasi
1105 1818 1218 1887 quidam
1224 1834 1303 1888 para-

54 1907 76 1959 ii
87 1918 152 1974 disus
160 1919 321 1974 deliciarum
333 1933 393 1972 esse
401 1917 534 1971 rideatur.

119 2018 300 2073 Ultimooerbo
311 2034 369 2085 cap.
385 2017 462 2069 l'Ic'n
474 2017 530 2070 cod.
542 2017 622 2069 adet:

117 2116 184 2171 Scire
195 2116 270 2170 enim
283 2114 388 2169 debetis
401 2114 467 2183 quia
478 2113 549 2167 siout
560 2113 662 2168 dictum
681 2117 722 2167 est
739 2113 819 2167 vobis
832 2114 842 2138 '¹
861 2112 1069 2176 Mundabimini,
1086 2113 1134 2182 qui
1150 2113 1227 2167 iertis
1237 2130 1304 2168 rasa

94 2210 187 2267 lioroini
202 2255 214 2279 ,
228 2218 257 2267 et
268 2213 338 2267 sicut
355 2212 434 2267 robis
452 2212 556 2266 dictum
568 2216 609 2266 est
620 2212 631 2238 ⁸
642 2211 697 2266 Vos
708 2211 774 2265 estis
785 2210 826 2265 sal
837 2217 915 2265 terrae
929 2253 939 2277 ,
953 2217 1064 2280 propter
1073 2212 1252 2281 sapientiam
1265 2213 1304 2269 ita

97 2307 181 2365 dictum
198 2315 241 2365 est
257 2309 338 2365 vobis
357 2311 368 2335 ⁸
388 2310 444 2363 Vos
463 2309 529 2363 estis
546 2309 700 2364 luxmundi
712 2313 849 2379 ,propter
864 2309 1039 2373 munditiam
1057 2315 1087 2365 ut
1097 2311 1207 2366 luceant
1221 2327 1304 2381 opera

64 2394 171 2460 ”rsus
186 2409 260 2484 bona
277 2424 372 2462 coram
389 2407 557 2462 homiuibus.
569 2406 641 2474 Quid
658 2406 756 2461 dicturi
773 2406 838 2460 estis
848 2407 967 2460 Domino
978 2407 1007 2460 in
1019 2406 1063 2460 die
1074 2405 1176 2475 judicii,
1193 2409 1302 2476 quando

100 2505 238 2570 procliani
251 2506 336 2560 vestri
347 2506 443 2560 fideles
456 2505 507 2559 riri
519 2509 673 2559 statuentur
683 2521 700 2559 a
711 2506 813 2560 dextris
821 2506 880 2559 sine
892 2506 946 2559 line
958 2522 1019 2559 cum
1031 2505 1149 2560 Domino
1158 2507 1303 2576 regnaturi,

102 2612 139 2654 ros
148 2608 232 2658 eutem
245 2603 320 2657 eritis
332 2620 350 2657 a
361 2603 478 2657 sinistris
490 2602 629 2657 cruciandi
640 2618 703 2656 oum
722 2601 832 2656 diabolo
844 2606 871 2656 et
882 2602 984 2671 augelis
1002 2603 1061 2671 eJ'us
1077 2603 1106 2657 in
1125 2603 1217 2657 secula
1227 2620 1303 2658 secu-

101 2692 179 2753 lorum.
189 2699 268 2769 Quod
281 2704 375 2754 tamen
387 2703 494 2754 avertat
513 2716 530 2753 a
548 2699 635 2762 nobb,
651 2698 700 2767 qui
718 2715 768 2768 pro
786 2699 865 2753 nobis
882 2698 953 2753 mori
969 2700 1095 2768 dignatus
1111 2704 1153 2754 est
1169 2700 1304 2756 Dominus

102 2796 236 2863 maiestatis.
249 2798 409 2854 Erubescite
421 2799 504 2868 igitur
520 2802 549 2852 et
562 2798 768 2852 confundamini
781 2815 864 2866 super
875 2798 1041 2852 detestandis
1057 2798 1187 2867 operibus
1198 2801 1304 2866 vestris,

69 2879 264 2958 ¹⁸penitentiam
277 2902 390 2967 agentes
402 2898 436 2951 de
445 2896 607 2966 perpetratis
618 2896 699 2950 malis
707 2901 736 2950 et
743 2897 931 2951 omnimodam
941 2896 1020 2951 vobis
1028 2896 1159 2952 assumite
1167 2898 1303 2953 cautelam

10 3058 12 3067 Ι
104 2985 227 3049 deterioria.

132 3088 300 3150 turmoeerbo
310 3112 369 3163 cop.
380 3095 456 3148 XVI
462 3097 492 3148 io
500 3096 557 3149 cod.
569 3096 650 3149 add:

10 3186 14 3199 ’
128 3183 153 3239 Si
161 3193 214 3258 quis
224 3195 294 3249 forte
304 3198 410 3264 quoerat
418 3209 503 3262 quare
515 3197 572 3247 tam
589 3192 636 3247 hic
646 3209 731 3261 quam
743 3192 810 3247 alibi
821 3192 909 3262 sigillo
921 3192 1020 3247 silentii
1031 3193 1181 3263 sigillentur
1191 3195 1304 3248 nomina

10 3262 15 3343 i
105 3291 257 3347 bracenam
270 3309 332 3363 quae
343 3291 494 3347 narrationi
502 3296 602 3346 nostrae
613 3291 778 3355 inseruntur,
790 3294 921 3360 agnoscat
936 3292 990 3345 hoc
1007 3307 1041 3345 ex
1057 3292 1190 3346 industria
1200 3293 1302 3346 iactum

69 3362 158 3447 Me,
167 3391 227 3444 nesi
243 3392 340 3446 eadem
355 3390 468 3445 nomina
479 3390 507 3444 in
519 3389 631 3444 auribus
643 3389 825 3458 plurimomm
838 3390 938 3444 diffusa
949 3390 1160 3459 publicarentur,
1171 3406 1303 3458 persona,

105 3487 237 3545 lloeudhuc
245 3489 406 3559 superstites
415 3494 487 3553 sunt,
495 3488 540 3543 vel
545 3489 580 3543 de
587 3488 724 3543 malorum
732 3504 844 3542 suorum
855 3488 1055 3558 vituperatione
1064 3489 1303 3554 contunderentur,

106 3572 139 3627 'tl
147 3579 311 3644 debonorum
323 3604 438 3643 suorum
449 3587 578 3642 laudibus
586 3587 788 3642 extollerentur.

20 3752 24 3757 Ι
132 3673 213 3741 mismo
223 3689 299 3743 verbo
310 3705 369 3756 cop.
382 3687 471 3740 XVII
478 3689 509 3739 in
520 3688 576 3741 cod.
586 3688 649 3740 add.
660 3705 670 3740 .·

129 3768 184 3838 Quis
192 3801 242 3840 non
254 3787 433 3855 obstupescat
443 3801 526 3854 super
542 3783 586 3838 his
602 3801 663 3853 quae
675 3783 817 3853 praemissa
833 3783 917 3838 sunt?
930 3784 1032 3852 ltlagna
1045 3783 1158 3852 quidem
1169 3787 1234 3838 sunt
1244 3784 1304 3840 haec

69 3854 96 3907 ω
106 3868 352 3945 tidimamamoria:
364 3889 457 3939 mente
465 3883 569 3938 scilicet
580 3883 686 3938 occulta
698 3882 878 3938 conscientias
889 3882 993 3936 alienas
1001 3883 1144 3952 inspicere,
1156 3887 1268 3951 peccata
1276 3888 1304 3939 et

106 3963 203 4050 virtum,
215 3985 336 4040 deiectus
352 3988 381 4038 et
392 3983 532 4053 proiectus
549 3982 665 4037 aliorum
677 3998 833 4051 agnoscere.
845 3982 898 4035 Sed
915 3981 969 4035 rari
981 3986 1044 4036 sunt
1059 3981 1142 4035 hodie
1154 3983 1201 4051 qui
1211 3983 1304 4052 gratier

106 4059 268 4139 lundonam
280 4087 452 4153 acceperunt
460 4082 528 4150 Quis
535 4098 599 4151 ergo
607 4082 735 4150 loquetur
743 4080 880 4150 potentias
886 4080 997 4134 Domini
1006 4085 1034 4134 et
1042 4080 1149 4135 auditas
1156 4081 1305 4150 saciat(sc'c)

106 4175 182 4230 (Μῦες
190 4180 279 4239 laudes
289 4182 395 4237 ancillae
407 4182 487 4250 eius?
499 4182 607 4237 Laudes
621 4182 722 4250 quippe
733 4181 793 4248 eius
803 4180 899 4235 laudes
915 4180 966 4234 Dei
982 4185 1054 4236 sunt
1066 4180 1161 4236 Merito
1173 4181 1284 4251 quidem
1297 4201 1304 4236 :

107 4273 209 4336 mcum,
225 4281 360 4355 quidquid
372 4282 466 4352 gratiae
478 4282 589 4336 haurito
599 4282 614 4313 *
627 4282 707 4335 bonae
726 4280 883 4345 voluntatis,
900 4280 929 4334 in
946 4279 1022 4333 sonte
1035 4297 1151 4335 summoe
1174 4280 1305 4335 bonitatis
1357 4283 1504 4348 *dcem

68 4353 96 4409 ω
106 4358 183 4441 ¹¹⁸itit,
192 4385 276 4437 totum
293 4381 364 4437 sonti
381 4398 398 4435 a
415 4397 470 4451 quo
487 4382 618 4436 hauserat
630 4379 738 4444 refudit,
750 4396 812 4433 cum
831 4396 879 4449 per
896 4379 1050 4433 mirabilem
1065 4380 1153 4433 Deum
1166 4380 1305 4435 mirabiles
1353 4349 1505 4469 {agg}

107 4456 303 4536 succendens
315 4480 477 4536 mirabiliter
488 4480 563 4535 vixit
580 4480 641 4534 Non
652 4479 692 4533 sic
702 4479 852 4547 hypocritae
865 4498 872 4532 :
888 4494 944 4532 non
961 4477 1000 4531 sic
1017 4478 1065 4546 qui
1077 4478 1234 4531 damonum
1246 4477 1305 4532 illu·
1369 4481 1487 4564 haurito.

107 4558 202 4633 muru,
211 4580 314 4636 seducti
332 4580 427 4635 rident
437 4597 510 4634 rana
520 4584 549 4634 et
566 4579 691 4633 divinant
706 4577 859 4642 mendacia,
871 4593 933 4631 cum
951 4581 1044 4631 tamen
1061 4576 1197 4632 aestiment
1207 4593 1237 4630 se
1249 4593 1306 4633 non

107 4656 220 4745 sshildes,
227 4681 275 4736 sed
284 4696 364 4735 veras
373 4678 492 4735 visiones
501 4678 602 4734 ridere.
607 4678 650 4734 Tu
658 4681 760 4743 autem,
769 4677 845 4746 virgo
855 4676 965 4742 Christi,
974 4675 1116 4731 benedicta
1123 4677 1195 4731 inter
1200 4676 1306 4732 monia·
