3270 5400
326 340 421 392 ursi.
438 339 521 393 uso.
539 340 714 393 saurrcu.
733 362 780 373 -
798 341 948 393 arruns.
966 342 1012 393 ru
1029 341 1109 394 con.
1127 333 1167 394 u⁰
1184 342 1307 395 roos-ra.
1386 322 1435 396 95

212 531 306 586 lamina
318 531 487 586 nominatur.
495 531 622 600 Cumque
633 530 668 584 de
680 529 812 584 brevibus
827 546 876 599 pro
887 547 920 584 ea
931 530 1081 585 scribendis
1089 530 1260 584 dubitaretur
1270 547 1287 583 a
1298 530 1435 594 tratribus,

213 630 291 685 abbas
302 631 363 685 sice
375 631 461 701 ignoti
479 629 601 685 nominis
610 629 691 697 iussit
703 629 787 683 scribi
799 631 828 683 :⁸
845 629 1016 683 Duodecimo
1033 629 1163 683 kalendas
1174 629 1237 683 llaii
1254 629 1322 683 obiit
1338 628 1436 683 ancilla

213 729 254 784 uei
264 731 291 784 in
300 730 464 799 Soonaugia.
475 771 486 795 ,,
498 728 625 783 Emensis
636 728 744 798 aliquot
754 728 851 782 diebus
863 733 926 798 post
935 727 1009 782 illius
1022 728 1201 782 sanctissimae
1213 728 1328 793 obitum,
1339 728 1436 783 fratres

213 844 304 883 nomen
319 828 395 883 illius
405 830 476 883 scire
488 829 638 898 cupientes
651 828 786 883 misemnt
801 827 829 881 in
841 827 942 881 vicinia
953 827 1080 892 Coloniae,
1091 828 1164 881 uude
1175 844 1205 881 se
1217 827 1361 881 oriundam
1373 844 1436 883 con·

193 928 277 983 tima
293 927 392 993 luerat,
404 932 433 981 et
451 928 574 982 studiose
591 927 794 996 investigantes,
813 926 926 981 inventa
945 926 1065 995 quadam
1082 942 1137 980 ann
1154 943 1215 995 quae
1231 932 1347 996 cognata
1363 926 1436 981 illius

216 1026 291 1080 beata
302 1032 371 1091 erat,
390 1027 465 1096 quod
477 1026 657 1097 Hildegundis
668 1031 814 1080 vocaretur
826 1029 1027 1095 compererunt
1045 1026 1128 1093 Cujus
1144 1026 1250 1080 meritis
1266 1032 1295 1080 et
1310 1026 1436 1095 precibus

217 1125 286 1189 bens,
297 1126 343 1195 qni
356 1126 382 1180 ei
391 1126 420 1180 in
430 1126 519 1195 fragili
531 1126 652 1180 femineo
664 1142 734 1180 sexu
747 1131 804 1179 tam
817 1125 925 1179 virilem
938 1130 1051 1194 tamque
1066 1124 1245 1180 fortissimum
1256 1126 1369 1180 donarit
1377 1128 1436 1181 ani·

218 1240 289 1286 uum,
298 1226 381 1279 delet
393 1225 474 1279 nobis
483 1225 610 1294 spiritum
623 1225 801 1287 tortitudinis,
809 1240 866 1293 quo
879 1223 1021 1278 valeamus
1030 1224 1156 1278 evincere
1168 1228 1195 1278 et
1207 1225 1336 1279 eumdem
1346 1226 1436 1280 fortis·

220 1323 305 1377 dmum
317 1323 427 1378 iconem
441 1324 592 1387 diabolum,
610 1323 659 1393 qui
672 1323 768 1377 circuit
778 1338 904 1392 quaerens
918 1339 1002 1390 quem
1015 1322 1135 1377 devoret
1147 1322 1227 1389 Quod
1239 1323 1296 1392 ipse
1308 1329 1436 1393 praestare

192 1424 212 1473 tt
223 1420 331 1491 dignetur
340 1423 390 1492 qui
399 1422 469 1477 vivit
478 1427 505 1477 et
514 1428 610 1492 regnat
621 1422 681 1477 sine
691 1410 754 1476 fine.
763 1421 859 1476 Amen.

328 1719 368 1763 us
390 1718 511 1764 sauoro
532 1718 675 1764 suasero
695 1717 810 1763 uacuo.
838 1697 915 1783 (Clr.
937 1718 1046 1781 supra,
1066 1718 1140 1781 pag.
1161 1701 1212 1777 85,
1238 1700 1312 1782 14⁰.)

234 1916 336 1990 tnctptt
354 1921 528 1992 prologus
551 1920 590 1979 tn
615 1919 731 1979 vitam
752 1919 871 1979 domni
892 1921 929 1978 et
950 1917 1118 1990 magistrt
1138 1920 1277 1979 Albertt
1297 1921 1435 1992 nant,

393 2018 534 2090 egregss
555 2019 714 2079 dentosis
735 2019 781 2078 de
804 2019 936 2078 ordine
957 2018 1250 2078 Prradtcstorum.

258 2221 382 2290 Quoniam,
402 2230 552 2281 attestante
571 2225 666 2280 inclita
690 2224 837 2294 Sapientia,
857 2224 984 2279 relucens
1003 2223 1114 2278 lucerna
1134 2241 1191 2278 non
1211 2225 1300 2279 estin
1321 2226 1436 2281 abscon·

161 2346 163 2355 ·
208 2318 409 2390 ltditoponenda,
420 2340 474 2378 nec
490 2325 542 2379 sub
560 2325 654 2380 modio
672 2302 812 2388 latitanda,
829 2324 878 2378 sed
896 2339 979 2392 super
995 2322 1189 2378 candelabmm
1206 2330 1237 2377 ut
1247 2324 1337 2379 luceat
1352 2325 1436 2380 colio·

161 2386 165 2499 l
239 2420 307 2485 nuda,
315 2422 350 2476 sic
366 2438 418 2477 nec
438 2423 583 2492 splendida
594 2424 668 2477 sacta
679 2422 864 2491 antiquorum,
880 2421 970 2476 veluti
980 2423 1033 2476 sub
1045 2421 1121 2491 pigra
1132 2423 1318 2477 taciturnitate
1328 2424 1436 2493 sepulta

239 2517 345 2575 clauda
359 2522 493 2586 suntsed
508 2521 708 2577 modernorum
727 2520 840 2574 auribus
851 2520 1049 2590 praesentanda,
1065 2536 1128 2574 cum
1145 2519 1254 2574 virtutis
1271 2526 1298 2575 et
1315 2521 1436 2575 exercitii

240 2612 346 2673 ammei
355 2620 471 2688 januam
483 2620 609 2689 aperiant
617 2624 645 2674 et
656 2619 734 2689 quasi
748 2619 811 2673 vitre
823 2618 970 2688 imaginem
983 2617 1070 2672 oculis
1080 2619 1255 2687 praesentium
1269 2619 1350 2688 digna
1362 2637 1435 2674 com-

240 2718 404 2774 moratione
416 2718 563 2773 insinuent.
575 2719 615 2772 Ne
627 2734 692 2788 ergo
704 2718 756 2772 viri
773 2717 937 2772 sanctissimi
956 2721 984 2771 et
999 2717 1125 2771 doctores
1142 2718 1311 2772 celeberrimi
1326 2718 1436 2773 Ordinis

211 2805 427 2883 thalamum,
445 2834 495 2887 per
511 2834 629 2887 quorum
647 2817 733 2871 vitam
752 2822 779 2871 et
796 2818 950 2872 doctrinam
969 2816 1062 2871 divina
1079 2817 1255 2871 Providentia
1271 2817 1436 2872 illuminavit

241 2905 364 2981 Mearm,
373 2918 425 2972 sub
438 2916 634 2971 taciturnitatis
652 2917 766 2970 tenebra
784 2916 895 2980 lateant,
912 2932 948 2970 ne
960 2916 1040 2969 lamec
1051 2916 1168 2985 gloriam
1180 2933 1264 2985 qnam
1276 2922 1436 2971 meruerunt

242 3006 342 3078 attunt
354 3031 388 3069 ue
402 3018 622 3085 praesumptuosa
641 3013 737 3082 rapina
749 3012 891 3067 codicibus
902 3012 937 3066 ab
954 3012 1018 3082 ipsis
1029 3012 1188 3083 compositis
1202 3013 1296 3068 titulus
1308 3013 1436 3083 inligatur

242 3102 318 3163 *lienus
324 3113 481 3181 (prasertim
490 3129 554 3167 cum
563 3112 644 3167 multi
656 3128 753 3166 eorum
762 3111 873 3181 propria
883 3111 996 3165 nomina
1005 3127 1039 3165 ex
1047 3111 1202 3166 humilitate
1210 3112 1267 3166 suis
1275 3129 1331 3167 nou
1341 3114 1435 3168 inscri-

242 3217 324 3272 toemnt
331 3212 423 3279 libris),
430 3213 558 3283 quadam
571 3210 764 3267 memorabilia
773 3226 857 3279 opera
869 3214 896 3264 et
908 3210 980 3264 lacta
991 3210 1146 3279 aliquorum
1158 3212 1300 3266 doctorum
1313 3213 1434 3282 praedicti

209 3296 322 3364 ”blus
337 3311 556 3376 Praedicatorum,
573 3310 683 3364 illomm
701 3309 807 3364 scilicet
823 3325 941 3378 quorum
960 3310 1074 3363 nomina
1090 3311 1126 3364 ad
1143 3310 1196 3364 ista
1212 3311 1293 3364 scribi
1310 3311 1435 3365 facientis

241 3405 334 3463 utum
342 3410 557 3480 pervenerint,iu
565 3409 694 3481 prasenti
703 3408 799 3462 tabula
808 3407 1077 3471 conscribenturzut
1086 3408 1108 3461 si
1118 3408 1179 3477 quis
1188 3409 1309 3478 ipsorum
1319 3426 1433 3477 opernm

241 3508 356 3563 tnebrab
364 3509 417 3565 illia
425 3509 624 3578 indulgentiam
634 3513 662 3563 et
673 3508 817 3563 scientiam
826 3507 930 3560 habere
939 3508 1084 3576 optaverit,
1093 3508 1221 3576 perhanc
1230 3508 1434 3578 inscriptionem

241 3598 299 3657 tibus
307 3606 389 3675 ignota
399 3609 523 3663 inveniat
537 3614 566 3663 et
582 3609 616 3662 de
628 3607 751 3679 quesitis
762 3606 885 3661 securior
899 3606 955 3660 ilat.
970 3606 1048 3660 Licet
1058 3607 1130 3661 euim
1146 3607 1227 3661 lamae
1237 3607 1351 3677 gloriam
1364 3624 1435 3677 spre

240 3698 306 3756 tenni
319 3710 343 3759 et
356 3706 521 3762 larombiles
539 3708 624 3776 hujus
642 3707 705 3761 ritae
722 3706 818 3761 laudes
835 3721 921 3759 vanas
933 3705 1027 3774 lugere
1044 3705 1188 3772 voluerint,
1199 3706 1368 3775 nominaque
1384 3724 1435 3762 sua

202 3788 230 3842 ⁸
239 3793 345 3858 musar
359 3806 480 3871 dilatare,
490 3806 595 3859 nactus
612 3810 705 3859 tamen
717 3821 830 3859 snorum
845 3820 968 3873 operum,
981 3821 1029 3873 per
1040 3805 1132 3860 secula
1141 3805 1303 3868 redolentes,
1313 3805 1434 3873 ipsomm

240 3893 370 3959 lllbitatem
386 3908 415 3958 et
435 3903 581 3959 scientiam
599 3905 744 3958 enuntiant
766 3908 794 3957 et
811 3902 959 3957 declarant.
983 3902 1018 3955 Hi
1040 3902 1114 3956 enim
1142 3918 1235 3956 carere
1261 3903 1435 3971 passionibus

240 3993 397 4056 lt‚tlcrideriis
407 4001 589 4066 mortificatis,
605 4002 695 4057 solum
707 4002 894 4071 spiritualibus
907 4001 1061 4066 innitentes,
1073 4002 1178 4055 cunctis
1190 4001 1359 4066 mortalibus,
1368 4018 1434 4071 prae-

238 4092 365 4152 ffllibuset
375 4099 481 4166 laturis,
493 4101 635 4170 cupientes
646 4102 783 4171 prodesse,
793 4100 1005 4155 innumerabilia
1016 4099 1197 4169 mirandaque
1215 4117 1300 4169 opera
1317 4101 1435 4156 edidere.

238 4182 321 4245 florum
328 4194 474 4252 doctrinam
484 4197 533 4267 qni
542 4199 675 4268 sequitur,
683 4198 712 4251 iu
724 4198 845 4252 tenebris
853 4214 909 4252 non
921 4197 1080 4262 ambulate
1096 4197 1140 4251 via
1152 4203 1225 4251 recta
1240 4213 1296 4251 non
1308 4198 1436 4260 deriata

196 4280 227 4334 ὅ
237 4288 407 4349 *misertus
415 4311 472 4350 nou
483 4300 558 4351 errat
565 4315 573 4362 3
585 4296 655 4350 vitat
661 4295 785 4364 laqueos,
794 4295 937 4350 contundit
946 4296 1049 4361 devios,
1061 4295 1173 4349 instruit
1183 4296 1282 4349 dubios
1290 4301 1325 4360 et,
1336 4297 1365 4350 in
1376 4297 1435 4365 pbi-

235 4378 345 4453 baptis
354 4408 384 4447 ac
394 4393 541 4465 theologice
551 4394 744 4464 splendoribus
753 4396 885 4449 veritates
896 4393 1097 4464 irrefragabiles
1108 4394 1254 4460 elucidans,
1264 4401 1358 4449 amota
1371 4412 1435 4450 con·

236 4478 437 4551 Montanae.
445 4488 572 4545 stabilem
585 4489 684 4544 ceteris
695 4489 901 4544 transeuntibus
909 4490 1007 4558 pedem
1017 4489 1082 4558 figit.

161 3584 166 3635 l
