3270 5400
525 385 653 437 CATAL.
678 385 784 439 CODD.
808 386 1085 443 Hnfflauttnl’fflu

499 648 711 762 Appendix
735 650 786 737 ad
812 651 894 739 aad.
924 653 1114 744 7503-18.

191 901 750 962 aasnncrounznno,ranrnuuau1s
765 906 803 950 ar
818 907 962 951 unsrun.
975 888 1054 971 (cfr.
1066 909 1176 973 supra,
1192 909 1267 974 pag.
1278 891 1331 971 85,
1349 892 1420 977 11⁰.)

246 1084 377 1158 Incipit
397 1087 521 1158 poema
542 1088 662 1147 sancti
683 1090 816 1149 Lazari
836 1090 995 1164 episcopt
1015 1094 1053 1151 et
1073 1092 1263 1166 martyris,
1285 1106 1370 1167 qun

527 1187 584 1246 ost
604 1190 687 1247 xvl
707 1188 887 1248 utendas
906 1190 1090 1250 tannarii.

234 1376 268 1433 1.
290 1376 408 1431 Lazarus
428 1377 586 1430 clarissimis
603 1382 715 1432 exortus
732 1379 878 1443 natalibus,
895 1385 989 1449 utpote
1009 1396 1042 1434 ex
1060 1379 1144 1450 stirpe
1161 1382 1236 1451 regia
1256 1382 1423 1437 descendeu-

189 1474 272 1530 tibus.
283 1474 368 1542 Cuius
379 1480 458 1544 pater
474 1475 565 1544 Syms,
577 1481 666 1529 mater
679 1493 743 1531 vero
755 1477 894 1531 Aucharia
906 1483 1065 1547 nuncupata
1077 1483 1126 1532 est.
1137 1478 1189 1532 liic
1200 1494 1264 1533 cum
1281 1479 1424 1535 sororibus

189 1574 248 1629 suis
256 1574 363 1629 Martha
371 1579 399 1629 et
407 1574 568 1643 Magdalena
576 1575 740 1643 Magdalum,
748 1577 824 1646 quod
833 1582 875 1631 est
883 1582 1006 1631 castrum
1017 1579 1139 1631 secundo
1150 1577 1297 1633 miliarias
1306 1579 1424 1635 Genesa-

189 1675 260 1739 reth,
265 1679 293 1728 et
301 1674 453 1738 Betauiam,
460 1690 522 1743 quo
530 1679 573 1727 est
579 1674 658 1741 juxta
667 1674 881 1739 llierusalem,et
890 1676 1040 1730 maximam
1051 1676 1309 1746 Hierosolymorum
1318 1684 1424 1748 partem

188 1774 355 1844 possidebat
366 1773 434 1840 Qua
445 1778 539 1827 tamen
549 1773 620 1827 iuter
631 1790 660 1827 se
672 1773 763 1828 taliter
778 1774 938 1839 diviserunt,
955 1776 1031 1844 quad
1047 1776 1133 1831 llario
1150 1776 1317 1846 Magdalum,
1335 1795 1353 1832 a
1370 1794 1426 1849 quo

190 1873 348 1943 Magdaleua
356 1877 399 1926 est
406 1878 604 1942 nuncupata,et
612 1873 730 1927 Lazarus
737 1879 845 1943 partem
855 1874 932 1929 urbis
941 1874 1156 1938 Hierusalemet
1163 1875 1270 1930 llartha
1279 1876 1425 1932 Betsniam

191 1973 358 2042 possidebat.
370 1972 439 2026 Cum
453 1976 545 2026 autem
558 1972 719 2041 Magdaleua
730 1973 835 2027 deliciis
847 1973 968 2043 corporis
986 1990 1016 2028 se
1034 1979 1120 2029 totam
1133 1980 1293 2044 expaneret,
1305 1981 1335 2031 et
1345 1977 1426 2031 Laxa-

191 2088 239 2126 ms
259 2072 364 2126 militias
385 2071 447 2142 plus
470 2076 587 2136 vacaret,
604 2071 710 2127 Martha
733 2072 882 2141 prudenter
902 2078 1008 2142 partem
1030 2074 1133 2128 soron's
1145 2081 1173 2128 et
1190 2075 1283 2129 fratris
1301 2080 1330 2130 et
1346 2092 1426 2131 suam

191 2177 302 2226 strenam
322 2171 538 2241 gubemsbat,et
553 2172 688 2227 militibus
704 2172 762 2227 suis
779 2178 807 2227 et
823 2173 935 2228 famulis
952 2179 980 2228 et
996 2173 1163 2243 pauperibus
1179 2174 1336 2229 necessaria
1347 2175 1426 2230 mini-

193 2270 308 2326 strabat

234 2368 269 2430 Β.
287 2369 355 2424 Cum
368 2375 470 2433 autem,
482 2374 513 2424 ut
522 2371 639 2425 habetur
651 2370 679 2424 in
691 2369 839 2439 Evangelia
851 2371 1001 2425 secuudum
1015 2371 1126 2435 Lucam,
1135 2371 1187 2425 iret
1197 2370 1278 2426 lesus
1291 2372 1321 2426 iu
1332 2372 1426 2427 civita·

192 2474 249 2523 tem
259 2485 320 2538 quae
330 2471 444 2521 vacatur
454 2466 550 2536 Naym,
559 2471 587 2521 et
599 2468 669 2522 irent
681 2483 786 2520 cumea
794 2466 917 2537 discipuli
925 2468 1108 2535 ejusetturba
1116 2468 1238 2537 copiosa,
1247 2470 1426 2539 etappropiu·

193 2571 291 2637 quarat
303 2570 388 2635 parta
400 2565 518 2619 civitatis
534 2570 562 2619 et
579 2564 754 2619 resuscitaret
765 2564 853 2619 fllium
864 2565 976 2619 unicum
988 2565 1157 2627 matrissuae,
1169 2566 1290 2621 Lazarus
1301 2568 1338 2622 ad
1350 2566 1426 2623 illam

192 2666 332 2721 civitatem
349 2669 461 2734 propter
472 2665 582 2733 negotia
599 2664 688 2718 multa
705 2663 834 2718 militaria
850 2670 963 2719 uenerat
972 2684 979 2728 ;
991 2669 1091 2719 etcum
1108 2670 1181 2719 esset
1198 2681 1232 2720 ex
1251 2666 1426 2723 ordinatione

193 2767 287 2822 divina
299 2782 419 2836 praesens
436 2765 464 2819 in
481 2765 690 2819 resuscitatione
706 2765 810 2833 praesnti
827 2764 988 2831 juvenisde
1005 2765 1077 2833 equo
1095 2764 1238 2834 phalerata
1249 2766 1426 2829 descendeus,

194 2844 348 2936 §sostratus
360 2866 395 2920 ad
406 2865 490 2935 pedes
498 2864 690 2926 Damiuilesu,
702 2880 851 2918 conversus
864 2864 951 2918 estad
965 2863 1114 2919 Christum.

234 2963 270 3023 8.
290 2962 360 3016 Cum
374 2977 447 3025 vero,
455 2966 487 3015 ut
496 2961 614 3014 habetur
625 2959 654 3015 in
663 2960 810 3027 Evangelio
822 2960 973 3014 secuudum
985 2960 1150 3025 iohannem,
1160 2967 1233 3016 esset
1242 2963 1363 3018 Lazarus
1372 2962 1426 3018 lau·

193 3079 280 3133 yacus
291 3063 321 3117 in
333 3059 455 3123 betunia,
473 3062 600 3112 mortuus
611 3062 652 3111 est
669 3057 708 3111 ibi
726 3064 754 3111 et
764 3058 895 3127 sepultus.
912 3058 994 3112 Venit
1005 3058 1098 3127 itaque
1109 3059 1196 3124 iesus,
1205 3065 1234 3114 et
1246 3060 1354 3116 invenit
1365 3076 1426 3116 sum

194 3167 314 3232 quatuor
325 3159 384 3214 dies
393 3159 450 3227 jam
464 3159 493 3212 in
505 3161 686 3211 monumento
698 3156 856 3211 habentem.
865 3157 1036 3211 Lacrimatus
1053 3173 1117 3227 argo
1133 3158 1213 3213 lesus
1230 3164 1258 3213 et
1269 3165 1349 3214 stans
1365 3165 1426 3215 autc

193 3260 433 3331 sepulcrum,vace
441 3272 541 3325 magna
551 3255 819 3323 clamavitzLozore,
827 3259 983 3323 cantianos.
992 3258 1026 3310 Et
1034 3257 1128 3311 statim
1138 3257 1186 3326 qui
1195 3257 1286 3312 iuerat
1294 3265 1426 3324 mortuus,

193 3357 350 3414 resurrexit
362 3357 412 3410 Hic
424 3357 464 3410 ait
479 3356 619 3410 lohannes
631 3354 853 3423 chrysostomus,
862 3355 889 3409 iu
902 3355 1034 3410 Sermone
1051 3356 1086 3410 de
1098 3356 1220 3411 Sabbata
1231 3363 1338 3424 sancto,
1355 3360 1426 3428 quod

195 3459 318 3513 internus
335 3455 447 3510 diabolo
458 3455 575 3523 laquens
583 3469 618 3508 ue
629 3454 722 3507 lesum
735 3458 927 3523 postmortem
940 3471 1018 3509 suam
1032 3455 1144 3509 duceret
1156 3455 1192 3509 ad
1204 3455 1353 3522 internum,
1364 3459 1426 3528 quia

193 3557 312 3613 timebat
323 3552 483 3624 depraedari,
492 3553 560 3607 dixit
571 3553 605 3606 ad
615 3568 695 3607 cum:
707 3554 790 3607 illiso
800 3555 868 3607 Jesu
880 3571 931 3608 aaa:
942 3572 983 3608 mc
991 3557 1049 3609 solo
1061 3563 1174 3609 tremere
1184 3556 1257 3622 fecit,
1268 3559 1361 3611 virtus
1371 3575 1426 3612 mco

194 3676 281 3713 coactu
297 3658 358 3724 ejus
368 3657 506 3722 [smenon
515 3656 611 3721 patud.
629 3654 701 3706 Nam
718 3655 827 3721 quondo
841 3670 892 3706 aas
903 3656 940 3706 od
957 3657 1054 3707 ostium
1066 3672 1153 3708 meum
1171 3657 1307 3723 clamavit,
1318 3659 1426 3712 dicatu.

195 3758 312 3823 Losore,
323 3758 384 3810 aeni
392 3756 577 3821 sarcasmum
590 3753 718 3805 Lazarus
727 3754 820 3819 factus
830 3759 913 3818 tutus,
924 3756 1005 3807 exivit
1014 3756 1046 3808 de
1055 3757 1119 3808 sinu
1128 3772 1193 3819 ntea,
1201 3757 1271 3808 sicut
1281 3758 1322 3810 leo
1333 3758 1368 3810 de
1375 3774 1426 3825 spe

194 3855 276 3907 iunco
286 3853 481 3905 adversatorem
493 3857 541 3902 out
552 3851 621 3901 siccat
633 3850 728 3916 aquito
740 3850 862 3913 exiliens,
870 3865 973 3902 omnem
984 3851 1170 3916 infirmitatem
1187 3851 1322 3918 deponam
1334 3855 1366 3905 in
1377 3856 1426 3907 icta

196 3954 276 4007 oculi.

236 4048 273 4105 4.
296 4049 366 4103 Cum
377 4062 496 4109 mrsum,
512 4049 545 4100 ut
555 4045 674 4099 habetur
685 4045 713 4098 in
731 4044 879 4113 Lamacho
896 4046 1047 4099 secundum
1059 4045 1223 4111 iohannem,
1235 4052 1301 4101 aute
1311 4065 1362 4103 sex
1374 4050 1426 4104 dies

197 4150 309 4203 Paschae
318 4149 438 4202 uenisset
448 4147 529 4202 lesus
539 4144 683 4199 Betauiam
695 4148 723 4198 et
734 4144 813 4198 ticum
822 4160 900 4199 coena
912 4144 940 4198 in
953 4145 1036 4198 dama
1054 4144 1174 4199 Simonis
1190 4145 1300 4215 leprosi,
1312 4148 1426 4205 Lacum

196 4264 268 4304 uuus
290 4251 350 4302 crat
369 4263 403 4301 ex
429 4244 678 4306 discumbentibus
701 4248 736 4301 et.
754 4247 785 4296 ut
804 4242 870 4297 dicit
892 4243 1115 4312 chrysostomus,
1132 4245 1264 4299 narrabat
1284 4246 1313 4301 in
1333 4262 1426 4303 mensa

197 4363 291 4417 poenas
310 4346 418 4410 interni,
446 4362 514 4414 quas
543 4345 581 4399 ibi
608 4344 713 4398 viderat
737 4349 764 4398 et
792 4343 925 4398 audierat
953 4344 993 4397 Ex
1021 4360 1138 4412 quarum
1162 4345 1279 4400 horrore
1304 4347 1344 4401 ibi
1368 4365 1426 4403 cau

195 4451 285 4515 cepto,
302 4461 445 4515 nunquam
464 4450 560 4515 postea
579 4444 646 4499 risit
663 4444 697 4497 Et
713 4443 841 4512 quamvis
861 4443 899 4496 ibi
916 4443 1035 4497 Lazarus
1054 4458 1111 4497 non
1133 4443 1294 4500 sustinuerit
1319 4463 1426 4516 poenau

195 4560 300 4609 sensus,
325 4545 445 4599 existens
472 4550 565 4598 tamen
591 4544 619 4598 in
645 4542 739 4607 limbo,
765 4541 884 4612 primum
911 4559 1005 4612 poeuas
1037 4543 1231 4597 damnatarum
1260 4560 1330 4613 quas
1357 4547 1426 4602 vide

196 4649 239 4699 rat
261 4646 407 4700 enarravit
427 4644 502 4698 Vidit
521 4644 604 4705 euim,
624 4647 654 4697 ut
671 4643 710 4697 ait
730 4643 813 4705 idem,
839 4648 903 4697 autc
923 4648 1016 4711 portas
1033 4642 1132 4697 inserui
1159 4644 1274 4699 arbores
1292 4645 1388 4714 iyucau
1404 4654 1426 4701 e*

195 4746 354 4813 peccatores
365 4757 513 4810 suspensas
524 4740 638 4796 cruciari
650 4740 679 4794 in
692 4739 743 4794 illis
755 4740 909 4804 arboribus,
925 4740 996 4794 sicut
1007 4739 1045 4794 illi
1057 4740 1105 4810 qui
1116 4739 1234 4795 libenter
1245 4749 1380 4799 corruunt
1394 4740 1426 4797 aa'
