3270 5400
191 326 260 399 106
525 351 651 403 caran.
677 351 781 404 conn.
807 352 1084 407 uaerooaarmc.

593 561 723 634 Incipit
743 563 825 622 utta
845 564 1016 636 quedem.

233 751 265 808 1.
288 751 369 804 Anno
388 750 468 819 igitur
485 751 634 805 Dominicae
652 752 847 806 incarnationis
864 753 1011 807 millesimo
1028 755 1179 809 centesimo
1190 755 1422 823 quinquagesimo

187 853 265 902 sexto
284 849 403 902 domnus
420 847 516 900 Pelms
532 864 566 902 ex
585 848 815 918 llicbenbergeusi
833 849 949 903 ecclesia
963 851 1009 916 (1),
1022 850 1050 903 in
1067 866 1150 918 quaa
1162 850 1278 919 pueritia
1290 852 1424 906 educatus

188 945 284 1009 luerat,
297 946 330 998 ad
347 944 507 999 Aroldensis
519 945 635 999 coenobii
650 945 836 1014 prelationem
851 946 967 1014 regulari
986 947 1119 1001 electione
1131 954 1297 1017 assumptus,
1310 949 1353 1002 vir
1364 954 1425 1002 crat

188 1045 255 1099 satis
272 1044 422 1113 probabilis
440 1044 468 1098 in
491 1043 536 1098 ria
555 1045 748 1098 mandatorum
768 1044 816 1098 Dei
833 1045 1058 1111 conversationis,
1075 1046 1208 1100 celebrior
1225 1047 1348 1100 existens
1366 1046 1454 1110 ritas

189 1162 273 1214 quam
286 1146 368 1206 lama,
386 1144 553 1213 quotidianis
570 1144 737 1213 profectibus
753 1160 802 1213 per
820 1144 892 1198 riam
912 1144 1074 1199 humilitatis
1091 1151 1120 1199 et
1135 1146 1247 1214 justitiae
1263 1150 1425 1200 constanter

188 1244 318 1299 incedens
327 1250 354 1298 et
366 1244 401 1298 de
411 1244 510 1297 virtute
521 1245 547 1296 in
557 1244 687 1297 virtutem
697 1244 849 1311 proficiens,
859 1244 946 1297 donec
955 1261 1003 1311 per
1011 1244 1133 1313 singulos
1142 1245 1242 1312 gradus
1251 1244 1424 1299 diversarum

189 1339 321 1395 virtutum
335 1341 553 1404 conscendendo,
561 1341 597 1394 ad
608 1357 701 1394 arcem
713 1340 812 1394 diriore
830 1340 991 1405 dilectionis,
1009 1358 1070 1411 quae
1088 1343 1219 1410 perfectio
1238 1347 1279 1396 est
1296 1342 1423 1396 omnium

190 1439 334 1504 bonorum,
344 1440 517 1508 pertingeret,
529 1440 602 1494 unde
620 1441 654 1493 de
673 1446 764 1494 cetero
783 1440 869 1493 Deum
888 1441 1002 1493 deorum
1015 1440 1042 1493 in
1054 1441 1129 1504 Sion,
1143 1447 1173 1495 ut
1184 1458 1217 1495 ex
1230 1441 1424 1509 pulcherrimis

189 1538 340 1592 decedente
354 1555 386 1592 eo
397 1555 430 1592 ex
440 1540 491 1592 buc
500 1539 557 1593 rita
567 1538 672 1592 indiciis
682 1544 796 1601 constat,
807 1539 1000 1607 perpetualiter
1012 1538 1124 1593 rideret
1442 1555 1464 1605 rr

231 1633 253 1691 2
289 1635 378 1702 Hujus
387 1634 499 1703 quidem
512 1634 695 1704 praedecessor
707 1634 825 1688 domnus
843 1634 995 1689 Fridericus
1008 1636 1122 1689 obierat
1135 1637 1206 1689 Ante
1214 1652 1299 1704 quem
1308 1637 1424 1705 quidam

188 1729 668 1793 nomineAdelhelmmus,umbobus
677 1730 733 1783 rita
743 1730 946 1795 decedentibus,
955 1737 1108 1800 supererat:
1118 1731 1164 1800 qui
1173 1732 1295 1800 predicti
1304 1734 1424 1789 coenobii

188 1832 318 1887 fundator
330 1831 458 1892 existens,
471 1829 564 1898 viginti
574 1845 630 1883 uno
642 1845 715 1883 anno
728 1828 816 1883 eidem
826 1829 888 1883 loco
900 1836 1027 1899 praeerat;
1044 1831 1092 1884 sed
1104 1831 1194 1884 iulans
1203 1831 1300 1897 factus,
1310 1833 1423 1886 tandem

188 1936 298 1985 amotus
310 1948 327 1982 a
345 1928 502 1999 praelatione
515 1928 610 1981 luerat.
622 1927 773 1981 Exordium
785 1933 878 1982 autern
890 1929 974 1996 hujus
991 1929 1108 1983 coenobii
1120 1930 1232 1983 extabat
1243 1946 1318 1984 anno
1330 1931 1426 1986 Domi-

188 2029 257 2083 nicae
274 2027 470 2082 incarnationis
489 2025 634 2080 millesimo
652 2025 802 2079 centesimo
821 2026 958 2080 tricesimo
976 2028 1072 2096 quinto
1091 2044 1139 2096 per
1157 2029 1289 2082 domnam
1308 2029 1424 2098 Gepam,
1442 2048 1464 2097 q

188 2126 310 2182 nobilem
329 2130 493 2188 matronam,
511 2141 572 2194 quae
588 2124 679 2177 locum
699 2124 787 2193 ipsum
805 2125 858 2178 sibi
874 2125 1037 2180 attinentem
1055 2142 1190 2181 consensu
1208 2128 1291 2180 trium
1304 2128 1425 2184 filiarum

188 2241 300 2278 suarum
313 2225 468 2279 voluntaria
480 2224 619 2278 oblatione
629 2223 737 2277 Christo
749 2229 901 2293 sanctoque
910 2225 968 2292 ejus
978 2225 1103 2294 apostolo
1112 2226 1215 2280 Jacobo
1225 2226 1252 2279 in
1261 2227 1424 2282 servitutem

189 2324 338 2393 deputarit,
351 2323 598 2392 religiosorumque
606 2323 664 2376 Deo
678 2322 868 2376 tamulantium
882 2328 910 2376 el
918 2329 992 2376 caste
1002 2324 1159 2393 degentium
1171 2325 1346 2380 mansionem
1356 2327 1425 2381 inibi

187 2423 288 2491 jugiter
299 2423 474 2476 confirmavit
483 2438 651 2491 permanere.
664 2422 747 2489 Cujus
756 2421 809 2474 loci
821 2422 993 2476 advocatiam
1010 2424 1116 2492 primus
1128 2424 1248 2478 domnus
1259 2425 1425 2493 Volcurnus,

190 2538 277 2591 nepos
289 2538 364 2585 suus,
375 2523 453 2576 idest
464 2520 607 2574 ssliusfillae
619 2537 676 2573 suae
689 2520 845 2582 Luthrudis,
858 2521 993 2590 suscepit
1441 2539 1464 2590 ῃ

231 2620 266 2678 3.
289 2619 439 2674 Prndictus
452 2636 517 2673 vero
531 2618 650 2672 domnus
665 2616 769 2682 Petrus,
779 2617 902 2685 ejusdem
916 2618 970 2672 loci
982 2618 1103 2673 lldellum
1113 2620 1214 2674 Christi
1226 2622 1320 2676 orium
1334 2627 1426 2692 pasto·

191 2720 274 2775 celem
293 2735 386 2773 curam
408 2717 530 2785 adeptus,
546 2720 623 2768 tanta
642 2713 713 2768 circa
731 2714 783 2768 sibi
801 2716 965 2768 commissos
982 2715 1121 2784 diligentia
1139 2716 1267 2783 instabat,
1285 2720 1356 2774 adeo
1375 2737 1425 2790 pro

190 2817 362 2889 negligentiis
371 2815 428 2869 suis
439 2831 486 2869 eos
499 2813 657 2882 impetebat,
666 2818 697 2866 ut
709 2813 736 2866 in
750 2813 825 2882 virga
837 2812 916 2867 Pauli
927 2812 1002 2867 adire
1014 2813 1204 2883 delinquentes
1215 2816 1361 2882 rideretur,
1370 2823 1426 2874 stu·

191 2917 283 2972 diosos
295 2922 387 2970 autem
400 2920 427 2968 et
437 2917 536 2967 timore
547 2913 605 2966 sive
614 2927 708 2965 amore
717 2911 766 2965 Dei
778 2911 916 2965 ferventes
924 2912 1020 2981 spiritu
1029 2914 1246 2969 mansuetudinis
1258 2918 1386 2973 refovere
1398 2923 1427 2973 et

191 3017 225 3071 ad
235 3017 387 3086 proiectum
399 3014 502 3067 bonurn
516 3012 668 3081 provehere
682 3027 738 3065 non
751 3015 877 3078 cessaret,
889 3011 1033 3066 {emulator
1044 3013 1207 3068 sanctissimi
1220 3015 1293 3070 Petri
1305 3018 1426 3086 apostoli
1442 3033 1464 3083 ἵε

191 3120 218 3169 et
228 3116 315 3183 (salva
326 3113 478 3167 reverentia
491 3112 652 3182 apostolica)
663 3110 796 3179 equivoci
805 3110 855 3172 sui,
864 3110 911 3178 qui
925 3111 1075 3166 adhortans
1086 3112 1181 3167 fideles
1193 3114 1231 3167 ait
1243 3134 1249 3168 :
1262 3117 1426 3185 Korisar'mi,

191 3217 296 3269 obsecro
308 3231 352 3268 ros
367 3221 504 3280 totnquam
518 3212 635 3264 odoenus
650 3218 673 3263 et
687 3212 845 3278 perecrinoe
862 3212 996 3264 abstinere
1008 3229 1053 3265 voe
1065 3230 1082 3264 a
1094 3214 1252 3266 carnalibus
1269 3216 1426 3284 desideriis,

191 3332 248 3384 quir
264 3317 383 3367 militant
404 3315 536 3366 adrerum
556 3315 685 3375 atriorum,
705 3312 931 3364 corre-creationem
953 3319 1069 3363 cestram
1092 3314 1163 3365 inter
1186 3321 1276 3379 pentec
1298 3316 1426 3372 babentes

192 3415 296 3469 borium
308 3412 368 3467 Nou
380 3411 469 3465 solum
483 3415 575 3464 autem
593 3410 677 3463 verbo
691 3413 771 3463 tenus
785 3408 884 3462 siccos
899 3408 1065 3472 instruebat;
1077 3410 1125 3463 sed
1137 3416 1165 3465 et
1179 3412 1306 3482 exemplo
1318 3431 1370 3469 suo
1386 3417 1425 3470 sic

192 3512 367 3576 informabat,
389 3516 419 3565 ut
439 3510 579 3564 lucernam
603 3509 745 3562 ardentem
766 3513 794 3560 et
814 3507 950 3561 lucentem
967 3524 996 3561 se
1011 3508 1152 3563 exhiberet
1170 3529 1177 3564 ε
1198 3511 1341 3566 ardentem
1359 3514 1426 3570 dile
1442 3525 1464 3575 3

191 3612 291 3674 ctione,
300 3612 438 3665 lucentem
451 3609 575 3662 doctrina
590 3613 618 3662 et
633 3623 723 3677 opere.
736 3607 831 3660 Tanton
843 3605 978 3675 siquidem
997 3606 1178 3672 continentie,
1195 3614 1277 3663 tantae
1295 3610 1349 3665 luit
1366 3630 1427 3667 cor-

191 3711 292 3781 poralis
310 3709 490 3773 abstinentiae,
510 3712 540 3761 ut
551 3708 650 3761 merito
668 3707 781 3760 denotet
792 3722 856 3759 eum
874 3706 1065 3775 propheticum
1078 3706 1143 3760 illud
1162 3727 1168 3761 :
1186 3709 1378 3764 Humiliabum
1396 3716 1426 3767 in

184 3813 294 3880 jejunio
309 3813 431 3864 animam
448 3826 549 3872 vinoun
559 3812 696 3874 tontreque
715 3805 767 3860 luit
775 3806 803 3860 in
813 3805 1020 3859 divinisolilciis
1031 3811 1058 3859 el
1066 3805 1237 3861 orationibus
1246 3824 1426 3877 perseveran-

191 3911 243 3975 tia,
260 3915 291 3963 ut
309 3908 442 3963 veraciter
457 3907 544 3976 possit
561 3905 654 3959 divino
676 3906 835 3973 conspectui
853 3905 1013 3973 protestari:
1031 3907 1104 3958 Mili
1118 3916 1208 3960 autem
1219 3909 1357 3963 adherere
1368 3912 1428 3967 Deo

191 4010 286 4062 boram
299 4016 345 4072 ert,
352 4025 453 4076 ponere
463 4011 492 4060 iu
502 4008 618 4060 Dorulato
628 4006 683 4058 Deo
693 4021 764 4072 spem
774 4020 868 4069 meum,
878 4006 904 4056 et
914 4002 980 4057 illud
990 4022 996 4055 ε
1008 4004 1103 4058 Oratio
1111 4022 1169 4059 mco
1181 4008 1211 4058 in
1222 4008 1286 4060 sinu
1298 4025 1357 4063 meo
1365 4027 1427 4064 con·
1443 4018 1464 4068 3

191 4115 315 4161 emetur.

232 4204 268 4261 4.
292 4203 385 4258 Tertio
403 4208 495 4256 autom
514 4201 679 4272 prelationis
691 4217 747 4254 sure
759 4217 833 4255 anno
852 4215 921 4268 pene
933 4205 1038 4265 exacto,
1051 4200 1137 4269 pridie
1149 4217 1237 4256 nonas
1255 4204 1426 4271 Decembris,

224 4385 261 4449 (l)
274 4382 434 4437 Coeuobium
453 4386 495 4434 est
513 4398 597 4450 prope
615 4380 957 4435 Goslariam.lnl10num.
973 4379 1073 4446 Germ,
1091 4381 1146 4434 Scr.
1165 4386 1231 4436 torn.
1248 4382 1317 4448 XVl,
1330 4403 1356 4454 p.
1366 4386 1426 4451 903,

190 4467 250 4520 brec
268 4466 302 4519 de
320 4465 404 4532 hujus
422 4464 538 4518 coenobii
557 4463 712 4531 primordiis
730 4464 886 4516 referuntur
905 4480 937 4516 er
957 4462 1110 4517 Annalibus
1126 4464 1426 4534 Stederburgensibus:

193 4550 204 4575 ⁸
218 4550 269 4602 Au.
282 4548 346 4601 1117
359 4546 472 4600 ecclesia
492 4546 520 4600 in
537 4545 729 4600 Richenbercb
741 4545 859 4614 primum
872 4545 979 4615 inceptu
991 4551 1040 4599 est.
1053 4546 1103 4599 An.
1120 4547 1183 4600 1111
1192 4547 1328 4603 dedicatio
1340 4553 1426 4608 eccle

191 4630 238 4685 siae
250 4630 278 4683 in
294 4628 518 4691 Richcnberch.,
533 4628 586 4682 Cir.
600 4627 683 4681 etiam
695 4626 866 4689 lleineccius,
877 4630 1079 4695 Arrthrrr'totum
1092 4629 1320 4697 Gesturicneium,
1329 4631 1378 4688 lib.
1391 4651 1426 4699 rr,
