3270 5400
314 302 408 355 aran.
424 299 507 352 aaa.
525 299 699 353 annnam.
719 321 765 331 —
783 298 933 353 arram.
951 299 998 350 aa
1015 299 1095 350 con.
1113 287 1152 349 ΝΟ
1168 293 1295 351 sara-ar.
1349 276 1422 350 383

190 492 330 561 sanguinis
341 508 398 547 non
409 492 545 555 manavit;
559 491 688 561 qnodque
699 490 774 545 dictu
789 489 922 556 mirabile,
931 490 991 544 siue
1002 489 1115 544 brachio
1128 488 1271 543 nobiscum
1284 488 1421 542 cantando

190 595 217 645 et
228 591 343 646 terendo
354 592 470 661 pedibus
481 591 632 645 secuudum
645 591 871 660 imprecationem
889 588 1040 659 presbyteri
1052 605 1156 642 annum
1168 589 1278 657 peregit.
1289 588 1360 657 Ergo
1373 603 1421 641 sex

189 690 331 745 mensibus
349 691 475 757 evolutis,
486 707 573 759 usque
592 690 627 744 ad
643 706 733 760 genua
743 693 822 744 terra
839 689 961 744 immersi
974 704 1077 744 sumus.
1089 689 1156 742 Post
1167 704 1272 742 annum
1284 689 1419 743 redeunte

189 791 286 845 eadem
298 790 471 845 sanctissima
488 789 631 844 nativitate
643 789 761 853 Domini,
773 805 862 858 usque
873 789 908 843 ad
919 788 1006 843 latera
1023 788 1141 843 demersi
1153 789 1180 842 in
1193 787 1309 842 circuitu
1320 787 1421 842 choros

188 892 333 953 duximns3
346 895 373 944 et
389 894 454 944 tunc
472 905 521 959 per
532 889 665 943 domnum
678 893 705 941 et
721 893 847 943 sanctum
864 887 1040 942 Heribertum
1054 887 1175 942 Colonia
1187 887 1305 941 civitatis
1317 887 1423 958 episco-
1521 928 1523 933 -

190 1006 266 1060 pum,
287 988 396 1044 Christo
417 988 533 1052 volente,
551 988 589 1042 ita
609 987 718 1043 liberati
735 1004 838 1043 sumus.
859 987 935 1042 Idem
953 988 989 1043 ad
1008 1003 1059 1041 nos
1079 987 1175 1041 eadem
1199 987 1244 1040 die
1267 986 1421 1041 nativitatis
1523 1021 1524 1024 =

189 1087 302 1142 Domini
317 1088 429 1141 veniens
441 1089 468 1140 et
485 1085 635 1141 orationem
648 1101 730 1155 super
741 1102 792 1140 nos
804 1085 953 1154 complens,
965 1102 982 1139 a
992 1086 1117 1154 ligatura,
1129 1102 1184 1154 qua
1202 1085 1320 1139 invicem
1334 1101 1420 1139 manu

185 1187 224 1241 ad
241 1202 356 1240 manum
374 1186 544 1250 tenebamur,
561 1184 643 1239 solvit
660 1200 724 1248 nos;
741 1190 770 1239 et
786 1189 851 1239 ante
867 1184 953 1238 altare
964 1184 1051 1238 sancti
1068 1184 1157 1252 Magni
1168 1183 1280 1252 pretiosi
1292 1182 1421 1253 martyris

183 1282 312 1337 ecclesiae
328 1281 522 1336 reconciliavit
533 1280 577 1335 Sic
595 1282 707 1335 demum
718 1280 894 1349 gravissimus
911 1296 995 1350 sopor
1011 1280 1111 1335 invasit
1122 1296 1186 1344 nos;
1203 1284 1287 1349 atque
1301 1279 1340 1334 ibi
1352 1284 1419 1335 ante

183 1381 276 1436 altare
288 1379 514 1445 obdormivimus,
526 1386 554 1434 et
565 1380 652 1434 tribus
668 1379 764 1434 diebus
775 1397 839 1434 cum
851 1379 938 1435 tribus
950 1379 1083 1444 noctibus,
1095 1380 1184 1434 Deum
1196 1383 1337 1444 testamur,
1355 1396 1420 1434 con·

180 1479 265 1533 tinue
283 1478 474 1532 dormivimus.
485 1477 563 1532 Unus
580 1493 644 1546 ergo
663 1492 697 1531 ex
713 1476 801 1541 nobis,
813 1477 954 1531 lohannes
970 1477 1090 1541 nomine,
1107 1493 1171 1531 cum
1187 1476 1346 1546 supradicta
1363 1475 1420 1531 filia

179 1575 340 1646 presbyteri
351 1580 379 1629 et
390 1592 453 1630 cum
465 1575 524 1629 aliis
542 1575 648 1629 duabus
659 1574 768 1628 lerninis
779 1579 844 1628 ante
855 1574 946 1644 ipsum
957 1575 1044 1629 altare
1056 1576 1184 1644 prostrati
1196 1579 1275 1628 terrae
1291 1574 1419 1644 spiritum

177 1674 282 1730 statim
293 1674 452 1728 emiserunt.
463 1673 529 1728 Post
540 1673 733 1727 excitationem
745 1677 868 1728 nostram
878 1674 912 1727 ad
922 1674 1032 1743 propria
1041 1673 1143 1728 reversi
1153 1673 1309 1743 accepimus
1318 1673 1418 1738 cibum,

177 1778 213 1827 et
224 1773 267 1827 ita
278 1771 413 1825 hactenus
422 1776 526 1824 tremor
534 1771 722 1824 membrorum
732 1770 760 1824 in
769 1769 846 1840 signo
855 1770 1054 1825 recordationis
1063 1771 1106 1825 vel
1115 1771 1206 1841 potius
1214 1771 1420 1839 approbationis

178 1888 245 1926 non
263 1887 316 1925 nos
333 1871 441 1924 deserit.
462 1870 506 1924 Sic
522 1870 552 1924 in
569 1874 627 1924 toto
645 1885 718 1924 anno
736 1869 782 1923 illo
799 1886 856 1924 aon
873 1871 1100 1925 manducavimus
1117 1886 1207 1939 neque
1224 1869 1353 1935 bibimus,
1370 1886 1421 1924 nec

177 1986 319 2026 somnum
331 1969 461 2039 cepimus,
478 1985 529 2023 nec
547 1969 638 2038 pluvia
655 1968 757 2038 irrigati
774 1985 878 2025 sumus.
894 1969 966 2024 Nihil
983 1970 1127 2036 sensimus,
1139 1969 1207 2024 nihil
1224 1970 1339 2038 egimus,
1351 1970 1417 2038 quia

179 2071 332 2123 cantantes
342 2067 402 2120 sine
413 2082 496 2120 sensu
507 2065 618 2120 fuimus.
628 2065 796 2134 Frequenter
811 2082 895 2135 super
905 2083 956 2121 nos
973 2067 1079 2121 fabrica
1093 2068 1159 2122 tecti
1170 2068 1204 2121 ad
1217 2067 1349 2121 arcendas
1360 2067 1422 2136 plu·

179 2168 247 2222 vias
268 2166 435 2234 erigebatur;
451 2165 501 2218 sed
517 2165 577 2219 haec
594 2169 662 2218 nutu
679 2165 729 2219 Dei
746 2165 936 2234 dissipabatur.
953 2167 1122 2221 Vestimenta
1140 2171 1222 2236 atque
1242 2167 1421 2221 calciamenta

181 2265 306 2320 nostra*
318 2279 370 2318 uec
381 2263 482 2332 ungula
493 2263 618 2333 capillive
629 2264 658 2317 in
669 2264 779 2319 modico
797 2269 956 2330 creverunt3
975 2266 1024 2320 sed
1041 2265 1079 2319 ita
1096 2269 1127 2319 ut
1139 2266 1269 2334 coepimus
1282 2265 1423 2332 insensati,

181 2381 235 2434 per
246 2368 338 2419 totum
351 2379 455 2418 annum
474 2363 635 2418 mansimus.
646 2363 738 2433 Aliqui
748 2365 807 2433 jam
824 2379 857 2418 ex
875 2365 956 2419 nobis
976 2364 1112 2430 obierunt,
1129 2369 1157 2418 et
1173 2365 1312 2419 miraculis
1330 2381 1422 2419 corus·

187 2470 262 2529 mah
280 2463 367 2532 aliqui
386 2462 495 2517 liberati
516 2463 574 2517 Deo
590 2463 686 2518 laudes
703 2464 857 2518 decantant.
875 2464 945 2518 Acta
968 2464 1027 2518 hec
1045 2480 1118 2518 anuo
1136 2464 1281 2519 dominicae
1298 2463 1422 2519 incarna-

189 2563 272 2618 tionis
282 2571 398 2628 u⁰xx⁰1⁰,
410 2561 559 2617 indictione
577 2563 649 2627 1111²·,
668 2567 799 2632 regnante
817 2563 935 2617 ilenrico
952 2563 1080 2618 secundo.
1092 2563 1149 2617 Has
1167 2564 1271 2617 litteras
1283 2563 1310 2617 in
1328 2567 1422 2618 monte

193 2662 275 2717 macti
283 2660 425 2716 Michaelis
436 2660 480 2714 die
491 2663 651 2716 octavarum
661 2660 869 2731 epiphaniarum
880 2662 1008 2716 renovari
1020 2663 1149 2727 fecimus3
1163 2663 1229 2732 quia
1238 2663 1343 2732 priores
1352 2679 1422 2731 quas

195 2760 369 2826 portabamus
379 2759 466 2813 nimio
478 2759 578 2814 sudore
591 2776 623 2813 ac
632 2762 768 2813 vetustate
780 2763 914 2828 corrupta
931 2762 1017 2823 erant,
1030 2775 1099 2828 quas
1112 2759 1194 2813 nobis
1207 2759 1325 2814 domnus
1342 2759 1420 2813 Pere-

197 2859 281 2925 mnus
290 2860 315 2924 *,
327 2857 498 2913 Coloniensis
516 2858 667 2927 episcopus,
684 2858 790 2928 praelati
807 2858 902 2913 domni
918 2857 1055 2912 Heriberti
1067 2874 1209 2913 successor
1224 2859 1326 2912 iecerat
1339 2874 1421 2912 vene·

200 2959 298 3014 raudus.

453 3105 567 3145 ursario
584 3106 698 3144 wasnau
716 3105 843 3144 aruncum
860 3107 894 3144 ax
912 3106 970 3145 coo.
989 3106 1068 3144 saux.
1085 3092 1158 3145 8515.

227 3255 303 3311 Anno
330 3254 442 3309 Domini
466 3254 613 3308 millesimo
642 3255 722 3310 tertio
752 3255 867 3319 decimo,
900 3255 1018 3310 Henrico
1050 3257 1171 3310 secundo
1203 3258 1363 3327 imperante,
1396 3262 1423 3310 et

203 3350 340 3409 &aedicto
358 3370 430 3424 papa
448 3353 555 3408 decimo
566 3353 737 3424 praesidente,
749 3355 779 3408 in
795 3354 915 3423 quadam
933 3354 999 3408 villa
1015 3354 1147 3419 Saxoniaa,
1168 3356 1216 3409 ubi
1238 3361 1297 3410 erat
1308 3355 1423 3410 ecclesia

200 3448 279 3522 llagni
297 3450 434 3522 martyris,
456 3453 484 3506 in
500 3453 593 3521 vigilia
611 3453 710 3507 natalis
731 3452 842 3507 Domini
855 3452 994 3506 Robertus
1014 3453 1156 3522 presbyter
1175 3454 1291 3523 primam
1309 3455 1421 3508 missam

199 3549 378 3615 inchoaverat,
397 3555 425 3605 et
441 3550 470 3604 in
482 3550 614 3605 cimiterio
632 3551 745 3619 quidam
763 3551 882 3605 Obertus
893 3551 1013 3614 nomine,
1025 3567 1088 3605 cum
1105 3552 1201 3606 decern
1221 3557 1248 3606 et
1266 3558 1328 3606 octo
1343 3552 1423 3606 sode-

197 3645 263 3704 tibus
274 3649 340 3705 viris
353 3653 380 3703 et
391 3647 547 3717 quindecim
560 3648 669 3703 lerninis
687 3649 817 3704 choream
829 3650 939 3714 ducens,
952 3655 979 3703 et
991 3649 1141 3703 cantilenas
1155 3650 1292 3704 seculares
1304 3657 1423 3719 perstre·

194 3762 267 3817 pens,
282 3748 322 3804 ita
333 3748 504 3802 sacerdotem
518 3748 713 3817 impediebant,
730 3751 761 3802 ut
784 3748 843 3817 ipsa
867 3748 951 3802 verba
972 3765 1067 3802 eorum
1085 3749 1156 3802 inter
1172 3765 1249 3802 sacra
1272 3750 1419 3803 missarum

191 3844 335 3901 wllemnia
344 3846 418 3900 intus
430 3850 598 3900 resonarent.
615 3845 664 3900 Ille
674 3847 788 3901 mandat
799 3851 830 3900 ut
841 3851 980 3910 tacerent,
994 3863 1048 3914 quo
1061 3847 1192 3916 neglecto,
1205 3846 1370 3916 imprecatus
1382 3853 1424 3902 est

190 3939 279 3999 Rura
291 3945 385 4000 dicens
400 3964 408 3998 ι
427 3946 538 3998 Placeat
554 3946 611 3999 Deo
623 3953 646 3999 et
662 3953 753 3999 sancto
771 3947 879 4013 Magno,
891 3951 922 3997 ut
933 3946 972 3997 ita
991 3952 1128 3998 cantantes
1140 3948 1273 3999 maneatis
1284 3963 1369 4013 usque
1385 3947 1423 3998 ad

189 4057 301 4097 mum.
313 4042 404 4096 Verba
420 4041 514 4111 itaque
530 4043 639 4111 pondus
650 4043 813 4106 habuerunt,
831 4047 859 4096 et
875 4041 914 4094 ita
925 4057 973 4110 per
988 4046 1075 4096 totum
1089 4059 1192 4096 annum
1205 4046 1424 4112 permanserunt.

187 4132 275 4195 litim
284 4141 437 4211 presbyteri
453 4140 594 4195 lohannes
604 4156 728 4195 sororem
740 4156 818 4194 suam
831 4144 990 4194 cantantem
1002 4157 1049 4208 per
1066 4142 1180 4195 brachia
1197 4142 1318 4210 arripuit,
1331 4147 1359 4196 et
1369 4146 1424 4196 sta·

189 4234 243 4291 um
252 4238 326 4293 istud
337 4255 356 4292 a
364 4254 479 4307 corpore
491 4238 589 4292 evulsit
596 4257 603 4302 ;
611 4239 659 4292 sed
668 4236 780 4305 sanguis
788 4253 843 4290 non
856 4237 951 4291 exivit.
965 4237 1013 4291 Illa
1025 4254 1089 4291 vero
1102 4242 1160 4292 toto
1171 4255 1244 4292 anno
1254 4255 1316 4293 curn
1326 4239 1424 4293 ceteris

192 4336 342 4400 permanat
357 4337 473 4391 choreas
484 4336 594 4390 ducens.
612 4337 646 4390 Et
656 4335 750 4405 pluvia
761 4350 817 4389 non
827 4335 924 4389 cecidit
935 4352 1019 4405 super
1031 4353 1087 4402 eos,
1099 4353 1155 4390 non
1167 4337 1253 4401 dolor,
1263 4353 1318 4390 non
1330 4337 1424 4407 frigus,

193 4444 249 4490 lton
256 4435 324 4502 sitis,
334 4451 392 4489 non
403 4435 499 4499 tames,
510 4451 567 4489 non
578 4434 710 4488 lassitudo
724 4450 772 4488 eos
784 4434 888 4499 affecit;
904 4434 1066 4489 indumenta
1076 4452 1171 4489 eorum
1190 4436 1234 4489 vel
1245 4436 1424 4490 calciamenta

196 4538 325 4589 tonsum
340 4535 447 4599 attrita;
458 4534 507 4588 sed
527 4535 606 4602 quasi
618 4534 748 4588 vecordes
760 4533 916 4587 cantabant.
933 4533 1026 4588 Primo
1049 4550 1136 4602 usque
1156 4535 1191 4588 ad
1211 4550 1308 4603 genua,
1326 4534 1425 4590 deiude

200 4634 529 4703 wallemontense
542 4633 642 4688 divulsi
653 4637 725 4687 sunt.
737 4631 851 4686 Fabrica
863 4636 936 4686 recta
948 4632 1097 4701 aliquando
1108 4649 1190 4703 super
1206 4650 1254 4687 eos
1271 4633 1425 4704 erigebatur

1485 2263 1499 2295 t
1510 2267 1605 2333 323pr

1479 2346 1535 2384 noa
1545 2337 1610 2385 sunt

1495 2395 1596 2451 attrita.

1475 2854 1490 2885 *
1501 2871 1561 2924 sup.
1573 2857 1622 2910 lin.

1480 2938 1552 2974 mun.
1564 2938 1615 2976 sec.
