3270 5400
197 339 268 412 tat
528 360 656 412 caran.
681 361 787 412 cono.
812 361 1092 413 morosammc.

193 550 391 620 Aldegundem.
402 550 478 603 dedit
488 552 513 605 ei
521 566 620 603 aurum
632 556 661 603 et
671 557 824 620 argentum,
837 552 1033 604 vestimentum
1045 551 1207 620 pretiosum.
1216 550 1328 619 predia.
1339 548 1428 603 vittas

193 666 287 704 serata
296 654 322 701 et
334 648 447 701 ancillas
464 654 493 701 et
509 649 603 703 omnia
612 666 673 717 cruz
691 650 798 705 babuit.
807 649 859 702 nisi
871 656 980 703 tantum
988 666 1051 719 quae
1061 666 1112 718 pro
1123 650 1217 702 anima
1225 665 1277 702 suu
1289 648 1429 701 distribuit

193 748 367 818 pauperibus.
380 747 477 807 riduis,
486 748 627 815 orphanis.
636 748 723 800 serris
734 754 762 800 et
772 748 878 801 ancillis
890 749 919 802 in
930 748 1016 800 domo
1029 748 1140 801 Domini
1151 748 1346 801 seruientibus
1356 745 1429 799 rini-

195 848 235 901 rit
244 864 356 900 cursura
365 864 444 901 suam
458 846 613 915 supradicta
623 854 751 900 matrona
763 847 790 899 in
803 852 945 899 senectute
956 848 1031 899 bona
1043 848 1072 899 in
1084 847 1242 916 supradicta
1252 846 1318 899 silla
1327 845 1428 899 Curtis·

78 948 108 996 ir.
193 962 271 1000 sorra
280 948 303 999 ⁸.
314 944 426 1015 Sepulta
437 951 479 998 est
490 950 583 998 autem
596 945 633 999 ibi
655 946 684 998 in
700 945 815 998 ecclesia
835 945 883 998 Dei
901 946 1038 1013 genitricis
1050 946 1141 998 llaria
1149 946 1231 1012 juxta
1242 945 1333 997 rirum
1345 960 1428 997 suum
1445 952 1461 999 5

194 1046 373 1101 walbertum.
385 1062 402 1097 a
412 1045 458 1097 Dei
477 1045 665 1098 sacerdotibus
676 1046 792 1113 aliisque
804 1046 832 1098 in
845 1045 1035 1099 ecclesiastiae
1046 1046 1188 1114 diguitatis
1198 1045 1297 1097 ordine
1314 1044 1340 1097 ei
1356 1042 1430 1096 mili·

194 1144 323 1199 lantibus.

227 1244 296 1297 cnm
308 1242 432 1297 audisset
439 1242 531 1295 eundo
543 1245 558 1270 ⁵
569 1257 686 1310 sponsus
695 1242 782 1295 beatae
791 1242 960 1310 Aldegundis
971 1242 1005 1294 de
1013 1241 1092 1295 obitu
1103 1241 1231 1297 Bertiliae.
1240 1242 1323 1309 jussit
1334 1240 1429 1295 tideler

193 1358 259 1395 suris
276 1358 429 1411 praeparare
440 1342 597 1408 nuptiarum
610 1340 735 1400 divitias;
755 1341 842 1394 uoluit
858 1342 911 1393 sibi
922 1357 984 1393 eam
1003 1343 1127 1409 accipere
1138 1342 1166 1394 in
1178 1341 1347 1408 conjugium.
1359 1340 1429 1393 Cum

194 1442 387 1497 audiritbeatu
396 1442 471 1509 virgo
478 1441 651 1501 taliatimuit
660 1440 776 1494 saldal'
777 1440 817 1493 uit
825 1446 905 1493 nocte
915 1440 943 1494 in
951 1440 1043 1494 locum
1053 1456 1230 1493 nemorosum
1237 1440 1432 1510 quirocitatur
1448 1446 1476 1493 tt

195 1540 353 1603 llelbodius,
366 1541 412 1593 ubi
425 1540 542 1593 Sambra
553 1540 631 1608 girat,
641 1539 794 1593 llelbodius
805 1539 910 1592 ricolus
923 1539 1059 1607 praeierat.
1070 1556 1132 1607 qua
1143 1540 1290 1608 paterejus
1301 1544 1331 1593 et
1341 1545 1432 1592 mater

194 1640 355 1703 diviserunt,
365 1645 461 1692 contra
473 1637 660 1691 beatissimam
675 1638 805 1705 virginera
824 1638 996 1699 Gertrudem,
1013 1654 1075 1706 quae
1086 1644 1146 1691 erat
1158 1638 1326 1691 consobrina
1341 1639 1431 1692 beate

196 1738 307 1807 uirginis
328 1737 501 1805 aldegundis.
515 1737 598 1789 Erant
615 1737 652 1789 ibi
671 1737 699 1790 in
717 1737 844 1803 proximo
861 1737 917 1789 duo
930 1737 979 1789 riri
993 1737 1095 1804 pariter
1110 1737 1241 1805 episcopi.
1253 1737 1431 1791 lieatissimus

194 1838 335 1892 Amandus
344 1842 427 1904 atque
439 1836 628 1889 sanctissimus
637 1835 774 1889 Odbertus
787 1835 815 1888 in
827 1835 889 1889 loco
901 1836 948 1904 qui
961 1836 1061 1889 dicitur
1078 1835 1259 1897 Altus-nions,
1271 1837 1319 1889 ubi
1332 1836 1430 1890 beatm

194 1936 365 2003 supradictus
384 1934 541 1987 Vincentius
558 1950 620 1986 cum
642 1933 703 1987 aliis
722 1934 779 1987 Deo
797 1935 981 1987 servientibus
998 1935 1159 2003 regulariter
1175 1936 1299 1988 militans
1311 1936 1431 1991 Christo.
1447 1936 1476 1985 ll

193 2034 270 2087 Tune
283 2033 402 2101 denique
414 2034 496 2086 beata
506 2032 581 2100 virgo
592 2048 650 2085 rem
660 2032 765 2085 audiiit
774 2033 808 2085 de
821 2033 930 2085 illorum
942 2034 1063 2086 adventu
1077 2034 1106 2087 in
1114 2034 1175 2087 loco
1190 2032 1245 2086 illo.
1255 2033 1343 2087 Nudis
1355 2033 1431 2103 pedi·

195 2134 246 2185 bus
258 2132 370 2185 veniens
380 2132 407 2185 in
419 2130 575 2200 supradicta
583 2132 717 2194 caenobia,
726 2138 901 2199 prosternens
919 2132 996 2185 seed
1008 2132 1091 2201 {aedes
1107 2133 1194 2185 sancti
1213 2132 1335 2186 rimandi
1347 2138 1431 2201 atque

193 2232 280 2285 sancti
293 2230 415 2293 odberti,
427 2230 551 2283 indicans
562 2230 602 2283 eis
613 2229 779 2283 desiderium
791 2246 872 2283 suum
891 2236 918 2283 et
930 2231 964 2283 de
976 2231 1121 2284 contrariis
1133 2236 1162 2284 et
1179 2231 1358 2299 passionibus
1369 2247 1430 2301 qua

193 2332 245 2383 sibi
254 2346 302 2399 per
315 2330 427 2383 insidias
436 2329 586 2383 diabolicas
597 2320 756 2383 creberunt
768 2330 845 2383 Tunc
858 2332 955 2383 beatus
967 2331 1117 2393 Amandus,
1130 2331 1177 2397 qui
1198 2330 1225 2383 in
1243 2334 1371 2399 tempore
1383 2330 1429 2385 illo

193 2428 287 2483 multis
299 2427 405 2496 fulgens
416 2427 569 2489 virtutibus,
580 2428 626 2497 qui
636 2428 768 2495 plurimas
777 2444 826 2497 per
837 2428 981 2481 circuitum
995 2430 1121 2481 nationes
1130 2428 1334 2497 praedicationis
1344 2430 1429 2483 rerbo
1446 2431 1474 2481 a

195 2533 221 2579 et
243 2526 304 2579 viae
324 2526 428 2581 meritis
448 2527 482 2579 ad
502 2525 710 2579 christianitatis
732 2526 889 2595 perduxerit
915 2526 1034 2583 titulum.
1059 2526 1202 2595 multaque
1227 2528 1429 2582 monachorum

194 2626 320 2680 coenobia
339 2632 367 2679 et
386 2626 500 2693 collegia
526 2625 733 2694 puellarumque
756 2627 983 2695 congregationes
1002 2627 1037 2679 ad
1061 2626 1245 2694 spiritualium
1266 2633 1431 2696 provexerat

195 2728 323 2779 bonores.
331 2742 393 2778 curn
406 2725 506 2793 gaudio
519 2724 688 2778 familiariter
700 2726 860 2778 confortans
872 2742 942 2788 eam,
953 2726 1022 2778 dixit
1034 2745 1040 2778 :
1056 2727 1185 2778 Odilecta
1199 2728 1252 2779 Dei
1264 2728 1431 2794 rispamini

194 2828 300 2879 dubites
311 2846 320 2877 .·
339 2826 473 2878 Dominus
484 2826 536 2876 erit
546 2832 640 2888 tecum,
653 2829 711 2891 ipso
730 2826 839 2889 dicente,
853 2826 940 2877 Areten
951 2826 1011 2877 rlico
1024 2826 1095 2878 rabia
1107 2828 1236 2893 quereiam
1248 2827 1397 2892 plorabitis
1407 2836 1431 2880 et

193 2926 293 2993 flebitis
310 2942 362 2985 aria,
379 2925 498 2975 murtclac
510 2930 599 2975 antem
608 2925 744 2989 guadebit.
757 2924 822 2976 ltern
842 2926 928 2976 dicit:
948 2924 962 2948 ‘⁴
979 2925 1094 2990 Vigilate
1112 2927 1204 2991 itaque
1220 2928 1297 2977 omni
1313 2934 1431 2994 ternpme
1448 2924 1475 2973 it

194 3032 312 3087 orantei,
325 3030 354 3074 at
374 3024 453 3087 diprri
472 3022 627 3073 habeamini
642 3024 737 3087 sapere
748 3024 840 3074 anania
852 3024 1019 3090 pausatura
1036 3031 1100 3075 aunt
1118 3031 1141 3075 et
1158 3031 1232 3075 stare
1249 3032 1312 3077 narie
1326 3025 1430 3078 Filiam

193 3126 343 3187 litaminis„
363 3124 398 3175 Et
419 3125 500 3174 iterii:
521 3124 534 3146 ‘⁴
558 3122 638 3183 Vade,
658 3124 738 3175 rende
754 3125 845 3174 ‹iirrnia
865 3124 1022 3190 parabolica
1041 3126 1310 3192 ctdapaapcribaa,
1330 3134 1355 3178 et
1373 3128 1432 3179 reni

194 3238 303 3290 separa-e
314 3238 361 3273 me.
374 3261 384 3283 ,
404 3219 507 3272 Deinde
519 3220 656 3273 duxerant
668 3236 729 3273 eam
743 3220 829 3272 sancti
842 3220 962 3287 episcopi
976 3225 1003 3273 et
1015 3219 1061 3273 alii
1072 3220 1145 3273 servi
1162 3219 1212 3273 liei
1230 3220 1258 3273 in
1277 3221 1430 3275 oratorium

195 3318 280 3373 sancti
293 3317 413 3379 Veilasti,
431 3324 458 3370 et
476 3323 705 3370 consecraverunt
722 3333 783 3370 eam
802 3322 829 3370 et
846 3323 971 3370 sanctum
992 3318 1119 3370 velamen
1140 3318 1331 3385 imposuerunt
1348 3335 1431 3388 super

195 3422 277 3486 caput
290 3418 356 3485 cius.
1448 3416 1476 3467 n

228 3516 305 3571 Tune
315 3518 398 3569 beata
411 3517 486 3584 virgo
500 3515 626 3569 inlocum
637 3516 774 3569 desertum
786 3531 869 3584 quem
880 3516 958 3583 ipse*
967 3515 1158 3568 nominaverat
1167 3517 1340 3579 liettardum,
1348 3518 1431 3586 eoepit

197 3616 231 3669 ibi
245 3615 363 3669 arbustis
375 3620 402 3669 et
423 3613 549 3682 vepribus
566 3614 704 3667 radicibus
716 3614 865 3681 exstirpare
884 3619 911 3667 et
929 3630 1024 3666 servos
1036 3618 1064 3666 et
1076 3612 1188 3667 ancillas
1200 3613 1250 3667 Dei
1262 3614 1300 3668 ibi
1318 3632 1430 3685 cougre-

194 3731 265 3777 gare.
278 3714 343 3767 Post
355 3712 413 3766 lunc
425 3711 570 3765 redilicavit
579 3712 616 3765 ibi
627 3712 769 3765 ecclesiam
780 3712 807 3765 in
817 3713 923 3765 honore
933 3711 982 3765 Dei
991 3711 1129 3781 genitricis
1138 3711 1236 3765 llarire.
1245 3712 1338 3767 Seculi
1347 3714 1431 3783 hujus

77 3816 83 3827 ¹
98 3854 103 3865 .
193 3813 302 3866 divitias
314 3817 442 3880 reputans
449 3814 471 3875 ⁴,
490 3812 633 3865 facultates
653 3810 817 3879 praediorum
830 3827 944 3865 suoram
957 3816 985 3864 et
996 3810 1090 3864 omnia
1103 3816 1266 3864 ornamenta
1278 3828 1343 3880 quae
1354 3818 1432 3882 pater

194 3913 254 3981 ejus
271 3918 299 3966 et
315 3912 441 3965 malerei
459 3910 628 3973 dimiserant,
643 3911 678 3963 ad
694 3910 754 3963 loca
765 3916 924 3964 sanctorum
937 3909 1059 3978 leptliter
1072 3909 1211 3963 distribuit
1222 3915 1251 3964 et
1262 3913 1431 3981 pauperibus
1447 3910 1507 3959 ³2

194 4011 324 4079 erogavit,
336 4010 424 4064 sciens
440 4010 571 4078 scripturn
584 4010 612 4063 in
624 4009 731 4077 psalmo
748 4009 947 4063 decimosexto
962 4030 967 4062 :
985 4012 1129 4077 Dispersa,
1147 4012 1220 4063 dedit
1235 4014 1407 4079 pauperibus
1422 4032 1432 4065 :

187 4112 301 4177 justitia
318 4112 377 4175 rjrrs
393 4117 482 4161 aranei
500 4112 529 4161 in
547 4111 665 4161 aecrclran
683 4111 785 4171 neerei&
796 4126 881 4162 corna
899 4111 958 4175 ejas
975 4110 1145 4161 exaltabitur
1157 4111 1184 4160 in
1201 4111 1302 4175 gloria.
1320 4110 1391 4165 Item
1403 4112 1430 4165 in

196 4206 341 4275 littingelio
355 4226 360 4259 :
381 4208 488 4259 l'emlitc
500 4222 559 4273 pica
567 4209 712 4273 possidetis
722 4215 745 4259 ct
757 4214 818 4259 date
830 4209 1028 4272 eleemosynam.
1041 4206 1134 4259 Facite
1152 4208 1226 4260 uobis
1243 4210 1368 4262 sacerdos
1383 4212 1431 4278 gni

195 4324 248 4361 noa
259 4312 428 4369 veterescant,
440 4307 598 4357 tliesanrnm
610 4323 663 4357 aon
675 4307 835 4371 deficientem
847 4308 877 4359 in
889 4307 971 4358 calis.
983 4305 1087 4358 Locum
1101 4321 1168 4357 aero
1180 4304 1228 4358 ubi
1239 4312 1319 4375 pater
1331 4308 1393 4376 eius
1403 4313 1431 4361 et

194 4410 282 4458 aanor
293 4404 399 4457 liumati
413 4403 529 4465 lucrant,
543 4404 569 4456 in
580 4402 679 4456 melius
691 4403 827 4471 repararit
836 4408 863 4456 et
875 4402 913 4455 ibi
924 4403 1070 4456 duodecim
1087 4403 1316 4458 sanctimoniales
1328 4406 1363 4459 ad
1374 4421 1430 4459 ser-
1445 4399 1507 4453 id

195 4504 325 4556 ciendum
338 4502 447 4554 Christo
461 4502 579 4556 Domino
589 4502 739 4556 constituit.

228 4602 258 4655 ln
276 4601 433 4671 supradicto
451 4601 512 4654 loco
529 4600 673 4663 llelbodia
692 4617 755 4655 cum
773 4601 887 4655 consilio
905 4601 948 4654 vel
967 4601 1069 4655 auxilio
1089 4601 1158 4671 regis
1176 4601 1262 4656 incliti
1283 4604 1427 4673 Dagoberti

193 4705 275 4769 ratque
294 4699 445 4754 beatissimi
464 4700 581 4753 rimandi
600 4700 729 4769 episcopi,
748 4701 925 4769 semetipsam
944 4703 1027 4769 atque
1044 4705 1140 4770 neptes
1157 4717 1230 4767 suas,
1242 4718 1305 4771 qua
1322 4703 1426 4759 luerunt
