3270 5400
418 333 510 384 aruc.
528 332 609 385 aaa.
628 330 800 383 nauxnnn.
819 351 866 362 —
885 331 965 382 con.
983 320 1022 382 rv⁰
1039 328 1164 383 sera-ar.
1335 311 1403 383 381

177 523 279 578 seculo.
290 521 472 591 Interrogavit
482 521 691 575 circumstantes
708 521 808 574 choros
824 520 961 590 virginum
975 521 1159 591 psallentium,
1171 521 1249 588 cuius
1259 521 1319 575 hac
1337 527 1409 576 esset

177 622 285 675 mansio
296 626 355 674 tam
365 619 505 674 mirabilis.
519 619 578 673 Una
592 635 625 673 ex
638 618 682 672 his
694 635 856 688 responsum
872 620 962 674 dedit:
974 622 1025 674 Eat
1036 624 1141 675 mansio
1158 624 1212 675 ieta
1227 624 1335 676 catech
1351 623 1408 677 llae-

178 722 307 787 ruaolm,
319 722 350 773 in
360 737 417 788 quc
428 721 538 773 domina
548 727 637 773 cestra
646 735 706 772 cum
718 719 762 772 laia
773 720 894 786 lucifluis
903 721 1055 786 virginibus
1065 721 1095 772 in
1105 722 1409 788 mernempormanetc

178 835 237 871 cum
246 819 373 872 Domino.
383 818 417 872 Et
428 816 527 871 fluvius
539 832 654 885 magnus
664 817 791 870 currebat
802 816 970 871 clarissimus
979 834 1011 871 ac
1023 818 1103 871 valde
1111 817 1244 872 mirabilis
1251 818 1330 886 juxta
1338 835 1408 873 eam.

178 916 358 986 Interrogavit
368 917 466 970 iterum
477 917 538 985 quis
547 921 619 970 esset
630 916 730 971 fluvius
740 921 796 971 tarn
806 917 952 981 mirificus;
964 934 1024 986 quae
1036 918 1204 988 respondens
1212 918 1297 973 dixit:
1308 920 1362 972 Hic
1370 927 1409 973 est

177 1018 373 1082 fomaclienta's
382 1033 458 1085 aqua
466 1020 495 1069 in
507 1019 675 1070 aitcaterna

216 1115 251 1173 ὅ.
274 1116 343 1171 Cum
358 1115 430 1169 dulci
447 1114 584 1169 asomnio
597 1113 768 1182 evigilassem
779 1114 803 1179 *,
814 1113 949 1168 memini*
961 1114 1110 1183 evangelici
1126 1116 1261 1170 sermonis
1278 1115 1408 1170 dicentis:

179 1214 255 1267 Nica
272 1220 405 1281 opertum,
417 1213 489 1280 quod
505 1227 560 1265 non
577 1212 749 1277 revelabitur,
760 1218 784 1264 et
792 1213 934 1276 occultum,
943 1212 1015 1279 qvod
1026 1229 1078 1266 non
1089 1215 1270 1267 acietwsnon
1280 1211 1409 1267 dubitans

178 1310 249 1365 hanc
260 1327 291 1364 se
303 1310 404 1364 vidisse
415 1309 549 1364 visionem
563 1325 614 1378 pro
626 1308 727 1362 virtute
739 1325 771 1363 ac
782 1308 888 1363 meritis
900 1309 987 1363 beatae
998 1310 1140 1365 memoria
1151 1311 1315 1366 Aldedrndis
1326 1311 1408 1365 abba·

180 1410 258 1475 lisam
268 1427 329 1480 quae
340 1410 397 1476 jam
411 1410 445 1463 de
457 1414 547 1463 morte
557 1409 703 1463 transierat
720 1409 755 1462 ad
768 1409 867 1473 vitarm
885 1415 913 1463 et
927 1409 1089 1465 collocatam
1099 1411 1157 1480 jam
1170 1411 1277 1466 viderat
1288 1412 1409 1478 incaelis,

179 1510 299 1579 quumin
308 1509 389 1563 terris
400 1508 517 1577 positam
527 1507 741 1563 nimio*amore
749 1507 1001 1573 dilexerat3videns
1011 1526 1072 1564 earu
1080 1511 1409 1581 coronamreciperebea·
1521 1545 1527 1558 ·
1556 1504 1563 1516 ’

179 1608 310 1671 titudinis,
320 1624 380 1676 quae
390 1607 418 1661 in
430 1606 610 1670 orationibus,
619 1605 648 1661 in
659 1605 766 1675 vigiliis,
775 1606 803 1660 in
813 1607 932 1675 jeiuniis,
942 1607 970 1661 in
978 1607 1144 1674 elemosinis,
1153 1610 1182 1663 in
1191 1609 1409 1675 mansuetudine,

180 1708 208 1762 ia
222 1707 293 1761 mira
311 1707 422 1775 pietate,
435 1706 463 1759 in
475 1706 609 1771 castitate,
618 1706 647 1759 in
665 1705 731 1759 rictu
749 1710 776 1759 et
792 1704 912 1775 planctu,
923 1706 951 1760 in
964 1707 1062 1760 ardore
1072 1707 1144 1772 iidai,
1155 1708 1324 1762 incessanter
1331 1709 1409 1763 labo·

180 1805 249 1860 ravit
260 1806 289 1860 in
302 1805 391 1860 terris.

218 1903 252 1963 6.
274 1906 309 1959 Et
323 1922 358 1959 ne
369 1903 497 1972 paginola
507 1907 602 1957 nostra
612 1902 752 1957 fastidium
765 1902 953 1971 generethaec
970 1919 1030 1972 quae
1046 1920 1095 1974 per
1106 1904 1220 1959 idoneos
1231 1909 1316 1959 testes
1332 1885 1409 1959 audi·

181 2003 276 2069 vimus,
288 2032 321 2042 -
338 2002 367 2056 in
384 2001 500 2055 veritate
511 2000 582 2065 dico,
591 2017 648 2054 non
664 1999 790 2055 mentior.
802 2033 833 2041 --
851 2017 937 2069 pauca
949 2017 1011 2070 qua
1022 2000 1182 2071 carpsimus,
1194 2002 1265 2071 stylo
1276 2007 1409 2072 praenote-

182 2102 280 2166 vimus;
294 2102 402 2171 majora
413 2117 475 2169 quae
486 2103 597 2164 restant,
610 2116 671 2168 quae
683 2099 815 2153 revelavit
831 2099 965 2153 Dominus
980 2099 1171 2154 sacratissima
1183 2100 1290 2171 virgini,
1301 2101 1409 2156 silentio

183 2201 322 2257 abscondit
335 2221 341 2255 ε
354 2201 455 2254 timens
467 2199 534 2254 illud
545 2199 561 2230 *
572 2197 759 2268 evangelicum
773 2214 930 2252 sermonem
944 2199 991 2267 qui
1002 2199 1069 2252 dicit
1080 2219 1087 2253 ε
1099 2201 1139 2253 lte
1148 2203 1241 2268 potius
1252 2203 1290 2255 cd
1300 2202 1410 2255 venden-

183 2305 343 2369 tes,etema'te
352 2302 442 2365 vobim·
451 2304 479 2353 et
487 2298 575 2353 David
584 2298 760 2353 considerans
770 2297 934 2366 prophetam
947 2297 1100 2353 dicentem:
1115 2301 1207 2353 Oleum
1221 2308 1309 2354 cutem
1317 2318 1410 2368 pecec-

184 2409 270 2457 torum
282 2419 337 2456 non
350 2403 499 2469 impinguet
510 2407 591 2467 caput
605 2415 701 2452 mmm.
710 2397 767 2451 Soli
779 2397 907 2464 Domino,
919 2397 964 2451 cui
975 2398 1070 2472 omnia
1080 2402 1182 2467 patent,
1190 2398 1308 2468 praefixit
1317 2399 1410 2453 soller-

184 2495 262 2560 tiam3
283 2497 319 2550 ab
341 2496 464 2549 humana
483 2497 656 2563 sequestrata
675 2493 764 2557 laude,
782 2493 818 2547 ad
837 2494 930 2548 sedem
955 2495 1080 2563 pervenit
1104 2500 1244 2562 aeternam,
1263 2499 1410 2564 praestante

185 2595 299 2650 Domino
316 2599 413 2648 nostro
425 2594 490 2647 lesu
502 2593 619 2657 Christo,
630 2593 678 2662 qui
690 2608 752 2646 curu
765 2591 846 2646 Patre
858 2597 886 2647 et
896 2593 998 2662 Spiritu
1008 2598 1104 2648 sancto
1116 2593 1184 2649 vivit
1195 2599 1223 2649 et
1234 2598 1329 2664 regnat
1337 2594 1411 2649 Deus

184 2708 232 2761 par
241 2693 349 2748 infinita
360 2692 453 2747 secula
464 2693 627 2747 seculorum.
639 2690 737 2745 Amen.

622 2935 965 2947 —---—--—-—.-..

412 3223 541 3312 cnxl.
571 3224 696 3311 (lodex
722 3224 908 3334 signatus
932 3243 977 3310 n⁰
1002 3224 1184 3315 082034.

229 3492 356 3551 loliorum
371 3497 427 3560 161,
437 3496 532 3550 forma
541 3495 640 3550 mcdiae
648 3496 753 3561 (0¹¹¹,3lt
764 3503 789 3553 Χ
800 3496 894 3562 0005),
903 3495 975 3549 binis
987 3496 1123 3550 columnis
1135 3496 1227 3551 seculo
1236 3496 1287 3551 Xll
1298 3503 1414 3552 exeunte

199 3589 264 3647 lotas
273 3599 407 3658 exaratus,
419 3594 471 3648 nisi
483 3594 559 3663 quod
577 3594 623 3649 iol.
643 3595 703 3648 161ν
721 3594 811 3664 aliqua
825 3594 917 3648 seculo
929 3594 1048 3648 xlv-XV
1067 3594 1204 3664 adscripta
1220 3601 1292 3650 sunt.
1304 3596 1414 3650 Litterae

195 3679 300 3747 initiales
308 3693 393 3748 rubro
400 3692 552 3747 caeruleove
561 3692 653 3747 colore
661 3693 776 3762 depictae
785 3698 850 3747 sunt
859 3697 886 3746 et
893 3693 996 3762 pluries
1005 3694 1415 3761 arteornatae.Titulirubricati,

198 3793 292 3845 necnon
309 3792 339 3847 in
359 3790 528 3861 marginibus
548 3791 678 3846 loliorum
697 3791 758 3845 aaa
778 3808 873 3845 versus
894 3792 997 3846 leonini
1020 3792 1105 3845 minio
1128 3793 1237 3862 depicti,
1256 3793 1303 3862 qui
1324 3794 1415 3862 operis

199 3874 298 3943 Robach
308 3890 439 3944 monachi
451 3892 580 3944 Historia
591 3891 838 3944 Hierosolimitona
855 3890 1048 3958 compendium
1071 3890 1209 3945 exhibent
1226 3891 1288 3946 Non
1305 3896 1415 3960 preter-

200 3981 316 4043 ¹ttiltenda
334 3989 381 4043 iol
401 3990 459 4043 157¹
479 3987 623 4057 singularis
641 3989 768 4057 quadam
787 3988 936 4042 delineatio
954 3988 1029 4042 urbis
1046 3988 1220 4043 Hierusalem
1238 3990 1416 4061 locorumque

203 4079 379 4152 dicentium,
390 4087 488 4142 similis
500 4087 538 4142 illi
549 4103 610 4156 quoe
618 4091 813 4157 repraesentata
830 4091 872 4141 est
884 4087 911 4140 in
924 4103 1008 4155 opere
1022 4089 1131 4143 Recuetl
1146 4091 1192 4143 dea
1203 4091 1359 4144 Historiam
1370 4093 1417 4146 dea

204 4185 330 4249 ultuma.
342 4188 415 4242 Hist.
429 4188 621 4253 Occidentcuu,
633 4189 699 4240 tom.
709 4186 756 4251 111,
769 4204 793 4254 p.
803 4188 861 4251 510,
870 4191 899 4239 at
911 4186 958 4240 illa
969 4187 1051 4241 etiarn
1065 4187 1237 4242 luculentior.

231 4278 277 4339 l'ot
297 4289 324 4341 1v
344 4290 409 4356 post
426 4285 543 4340 indicem
564 4290 756 4340 contentorum
769 4285 868 4354 legitur
885 4286 944 4340 haec
962 4291 1050 4340 nota:
1073 4288 1185 4355 Collegit
1200 4288 1340 4341 societatis
1349 4290 1418 4342 Jeme

207 4372 292 4451 Rupis
301 4404 336 4440 exc
352 4389 422 4441 dono
434 4384 489 4438 Rmf
499 4387 533 4439 D.
547 4386 645 4439 Jacoba'
661 4387 784 4452 Pometij.
797 4386 870 4439 luter
888 4385 935 4439 iol.
948 4388 960 4440 1
980 4391 1008 4439 et
1019 4385 1095 4440 rota
1111 4385 1244 4440 insertum
1258 4392 1299 4440 est
1319 4387 1418 4456 duplex

207 4468 286 4539 tottam
304 4485 481 4539 chartaceum
501 4483 598 4537 formae
618 4483 741 4547 minoris,
762 4483 790 4537 in
810 4500 928 4552 quorum
951 4483 1041 4552 priore
1059 4490 1133 4539 recto
1151 4490 1224 4539 notae
1243 4485 1276 4539 de
1296 4486 1418 4541 ltoberto

208 4583 324 4639 hauto
337 4599 371 4637 ex
384 4582 526 4637 Possevini
537 4583 703 4637 Bibliotheca
715 4585 809 4637 selecta
821 4583 972 4652 desumptae
991 4583 1114 4651 subjecta
1126 4588 1167 4637 est
1185 4584 1300 4652 hujusce
1312 4590 1384 4640 notae
1402 4603 1419 4639 a

209 4668 340 4751 lugaido
351 4678 539 4749 reprehensio.
