3270 5400
197 320 245 393 80
533 342 659 396 curru.
686 342 789 395 cono.
816 323 1092 395 murosurernc.

196 529 290 583 afflicti
297 531 391 600 populi
398 532 707 602 misereretursserjupo
714 531 882 602 pravissime
889 531 1028 586 servitutis
1035 548 1194 601 oppressum
1204 532 1427 602 dignanterregiu

195 628 364 698 benignitate
376 630 538 684 absolveret.
550 630 687 685 Continuo
699 631 779 700 igitur
791 635 822 685 ut
832 631 966 700 preconis
975 647 1030 685 vox
1041 646 1074 684 ex
1083 634 1160 698 parte
1171 629 1353 699 supplicantis
1363 646 1427 700 pon·

196 727 276 782 tiflcis
287 730 411 797 pervenit
422 729 456 783 ad
474 729 510 798 pii
523 730 546 765 ¹⁶
564 730 633 799 regis
650 730 786 792 auditum,
802 731 920 784 assensit
937 728 1086 784 clementer
1102 729 1227 798 petitioni
1246 728 1426 799 episcopuli¹⁸

194 826 382 896 populumque
401 828 435 881 de
447 828 493 882 illo
505 828 580 897 prasi
593 845 676 882 ceusu
695 828 810 881 relevari
823 832 851 881 et
862 827 1074 896 descriptionem
1088 844 1149 896 quie
1162 828 1251 881 iuerat
1262 828 1338 881 tacta
1349 826 1427 893 male,

194 925 361 995 inpraesenti
374 927 450 981 reddi
462 927 590 997 precepit
602 927 726 996 benigne.
740 926 808 994 Quis
825 943 945 996 namque
956 926 1069 991 rdubitet
1081 926 1240 994 hujusmodi
1252 926 1427 981 clementiam
1442 939 1456 987 s

194 1025 266 1094 apud
279 1042 370 1095 regem
384 1026 543 1090 obtinuisse,
560 1026 612 1080 uisi
630 1026 703 1081 beati
716 1027 767 1080 riri
786 1026 885 1079 merita
895 1025 1112 1095 promeruissent
1124 1025 1155 1089 ¹²,
1164 1042 1226 1094 quie
1238 1026 1277 1079 sic
1290 1024 1428 1081 habentur

193 1121 317 1176 efficacia
328 1129 356 1177 et
368 1139 431 1192 erga
441 1124 529 1177 Deum
542 1128 569 1177 et
581 1140 645 1192 erge
653 1122 803 1177 homines?

232 1222 266 1281 9.
290 1224 358 1278 Cum
371 1238 436 1291 ergo
446 1226 615 1275 memoratus
628 1222 729 1276 Christi
744 1221 865 1290 pontifex
879 1226 956 1275 tanto
971 1236 1054 1275 onere
1067 1220 1095 1273 in
1107 1220 1285 1275 ecclesiarum
1298 1220 1428 1276 sollicitu-

191 1321 274 1376 diue¹
288 1326 315 1374 ct
325 1335 476 1388 pauperum
490 1317 576 1371 cura²
592 1317 780 1387 universeque
792 1317 880 1385 plebis
891 1316 1027 1385 negotiis³
1040 1317 1167 1372 rideret⁴
1178 1333 1217 1381 se,
1226 1317 1332 1372 iessum
1344 1318 1428 1383 senio,

190 1419 362 1490 pnegravari,
375 1418 452 1488 petiit
464 1417 517 1471 sibi
532 1410 670 1481 solatium,
683 1417 772 1471 virum
784 1417 921 1471 eruditum
932 1417 977 1481 ⁵,a
990 1433 1061 1486 repe,
1071 1417 1119 1486 qui
1130 1433 1224 1471 secum
1239 1417 1310 1472 tanti
1322 1417 1429 1487 regimi-
1444 1432 1472 1481 rt

191 1520 234 1574 nis
246 1519 354 1588 pondus
369 1519 484 1571 sufferre
496 1517 607 1570 valeret
620 1517 669 1570 Cui
681 1532 728 1570 rex
739 1516 917 1570 devotissime
929 1517 1054 1586 praebens
1065 1533 1217 1581 assensum,
1230 1517 1375 1585 petitionis
1385 1518 1428 1572 tri-

191 1620 252 1674 buit
264 1620 403 1672 enectum.
415 1618 532 1671 Sanctus
544 1633 610 1671 vero
629 1617 708 1670 solita
726 1616 977 1685 humilitatemque
994 1616 1112 1686 benignu
1123 1618 1245 1680 caritate,
1254 1633 1342 1686 quam
1354 1618 1429 1688 prius

192 1723 319 1787 eruperat,
329 1733 483 1785 pauperum
496 1732 590 1770 curam
604 1716 724 1784 gerebat.
736 1716 878 1784 magisque
890 1715 1018 1784 deinceps
1035 1716 1171 1785 stipendia
1183 1717 1277 1785 egenis
1293 1717 1429 1772 submini-

191 1821 289 1875 strans.
301 1815 375 1883 quia,
394 1814 495 1882 partito
513 1812 540 1867 in
557 1812 638 1867 ulio⁸
655 1828 746 1877 onere,
759 1812 860 1866 talibus
872 1812 989 1882 negotiis
1007 1813 1138 1867 attentius
1156 1815 1281 1868 vacabat.
1297 1814 1429 1869 Nonnulli

191 1921 284 1969 autern
298 1914 387 1968 insani
400 1930 498 1967 sensus
509 1917 634 1966 sanctum
645 1911 734 1965 uirum
748 1911 878 1966 insidiose
890 1912 1149 1967 calumniabantur'
1161 1914 1244 1981 quod.
1254 1914 1430 1984 episcopatus
1447 1927 1472 1973 t!

191 2014 327 2068 honorem
340 2013 519 2082 vilipendens,
532 2012 610 2066 alteri
623 2011 780 2065 tradidisset
799 2029 830 2065 ac
844 2012 871 2065 in
884 2028 1034 2081 pauperunr
1047 2013 1219 2083 susceptione
1237 2029 1270 2067 uc
1287 2013 1311 2067 si
1329 2012 1430 2069 stultus

128 2142 131 2148 ·
191 2112 390 2183 gauderetsed
399 2111 554 2166 viraltioris
564 2111 672 2180 ingenii,
682 2111 751 2165 nibil
764 2128 949 2180 supereorum
959 2112 1291 2178 detmctionibuscurans,
1300 2113 1331 2167 in
1340 2118 1429 2183 coepto

192 2211 241 2266 Dei
254 2228 337 2281 opere
349 2212 362 2245 ⁸
373 2211 538 2280 persistebat
557 2216 592 2275 et,
605 2211 714 2265 laudem
732 2211 768 2264 ab
780 2211 940 2264 bominibus
958 2227 1014 2265 uon
1031 2211 1181 2280 requirens,
1191 2212 1333 2280 jactantie
1345 2213 1429 2267 etium

191 2311 342 2365 vanitatem
357 2312 422 2364 totis
435 2310 540 2364 nisibus
558 2310 664 2379 fugiens
676 2311 695 2371 ⁹,
705 2309 889 2363 inflexibiliter
906 2309 1060 2364 coelestibus
1073 2311 1215 2378 praeceptis
1227 2316 1287 2364 erat
1298 2311 1430 2375 intentus,

191 2410 281 2463 sciens
292 2410 423 2479 scriptum
435 2410 468 2463 de
480 2410 545 2463 boni
557 2414 634 2463 actus
643 2409 862 2479 perseverantia:
875 2412 929 2476 Qui
933 2414 1143 2477 perseveraverit
1156 2428 1239 2479 usque
1249 2413 1279 2464 in
1286 2413 1378 2478 finem,
1386 2414 1431 2469 lite
1445 2421 1472 2471 Ι

192 2510 287 2561 sulcus
304 2512 364 2562 erit.

236 2605 291 2663 10.
314 2607 427 2660 Factum
439 2611 481 2660 est
493 2606 594 2674 itaque,
606 2623 669 2660 cum
680 2605 763 2660 vellet
771 2606 944 2675 omnipotens
957 2606 1090 2661 Dominus
1103 2608 1113 2641 ¹
1126 2606 1225 2677 egregii
1238 2608 1280 2662 sui
1290 2608 1430 2663 contesso-

192 2705 229 2760 ris
248 2705 346 2759 merita
364 2703 494 2772 proeclara
510 2703 669 2774 laborisque
686 2705 814 2774 praecipui
832 2721 1016 2761 remunerare.
1033 2704 1131 2775 exigua
1151 2709 1239 2759 tactus
1260 2706 1429 2766 infirmitate.

191 2803 291 2874 plenus
303 2802 410 2856 dierum
423 2806 506 2870 atque
516 2802 636 2871 justitie,
648 2819 710 2856 eum
721 2802 853 2857 virtutum
866 2803 993 2858 dulcifluo
1006 2809 1116 2857 nectare
1124 2803 1254 2872 migravit
1262 2805 1298 2858 ad
1308 2805 1430 2859 coelestia

190 2918 282 2972 regna.
294 2902 364 2970 Ergo
385 2905 511 2955 sunctum
530 2918 630 2971 corpus
649 2903 726 2970 juxta
744 2903 953 2957 christianorum
973 2919 1079 2957 morem
1098 2920 1161 2957 curn
1181 2904 1288 2957 bonore
1305 2905 1430 2959 maximo
1455 2915 1472 2961 ⁴.

190 3004 401 3071 asportaverunt
417 2999 459 3053 sui
473 2999 597 3069 discipuli
610 3000 638 3054 in
651 3001 811 3055 oratorium.
830 3002 899 3056 Cum
917 3007 1008 3056 autem
1030 3002 1167 3071 pontilicis
1185 3002 1259 3056 beuti
1277 3019 1379 3073 corpus
1395 3005 1430 3059 ed

191 3100 385 3154 tumulandum
409 3098 555 3160 deterrent.
574 3104 651 3152 tanta
671 3099 818 3154 multitudo
836 3116 982 3169 egenorum
1002 3106 1029 3155 et
1047 3101 1159 3169 reliquie
1175 3101 1264 3171 plebis
1275 3101 1428 3172 lugentium

192 3199 310 3252 occurrit
322 3201 418 3251 sancto
431 3196 521 3250 funeri
534 3196 553 3260 ²,
566 3201 596 3250 ut
613 3197 693 3265 quusi
711 3198 832 3252 tonitruo
851 3203 923 3252 esset
939 3197 1016 3252 locus
1036 3198 1081 3252 ille
1093 3198 1209 3268 plenus:
1227 3199 1265 3253 ita
1277 3200 1428 3254 vocitemu-

194 3297 262 3351 tlum
276 3296 391 3350 vocibus
404 3296 546 3349 tremebat.
569 3296 643 3349 Inter
663 3296 838 3351 trementium
862 3296 1021 3351 lacrimosus
1042 3298 1147 3351 voces⁸
1164 3299 1224 3352 boec
1241 3300 1428 3355 resonabaut⁴

192 3397 295 3449 verba:
311 3397 370 3460 Cui,
381 3403 477 3462 postor
488 3396 607 3462 benique,
620 3397 723 3449 deseris
740 3414 798 3449 ores
816 3414 885 3465 prius
902 3400 1045 3465 acorrisisti
1057 3400 1175 3463 Christo,
1186 3399 1240 3452 Dei
1251 3399 1350 3454 Filio?
1361 3417 1430 3469 quus

192 3495 319 3548 hactenus
332 3496 364 3546 de
376 3495 558 3559 ruolipnorum
577 3495 701 3547 dentibus
709 3496 863 3562 protexisti.
879 3495 920 3547 Tu
932 3497 1041 3563 antiqui
1051 3497 1144 3562 bostis,
1160 3498 1312 3550 humanum
1323 3498 1429 3564 θωνα·

189 3594 349 3660 pellicentis,
361 3594 413 3645 tela
425 3594 515 3645 sacris
521 3594 639 3660 pedibus
651 3610 682 3646 (rc
691 3593 1017 3661 dtpntstmertrteprocut
1023 3596 1140 3662 pellebas
1147 3614 1158 3659 ;
1169 3611 1252 3648 onero
1261 3600 1338 3663 repio
1343 3599 1428 3664 jussu

191 3695 302 3746 irriseris
314 3694 414 3757 irp'uste
432 3694 559 3759 imposita
577 3693 701 3744 mirabili
717 3693 869 3746 bumilitate
885 3694 1037 3760 mitioribus.
1053 3695 1093 3747 Tu
1107 3697 1164 3762 ipse
1175 3712 1192 3747 u
1204 3696 1282 3748 nobis
1293 3694 1428 3750 cunum*

191 3792 341 3845 debilitates
352 3792 458 3844 orando
466 3792 652 3858 proturbatus
660 3790 692 3856 ⁸;
703 3798 727 3844 et
738 3794 826 3844 orrrnis
837 3799 931 3845 nostru
943 3794 1020 3845 salus
1031 3795 1061 3845 in
1073 3801 1120 3846 tua
1130 3796 1228 3847 virtum
1239 3796 1374 3850 manebat.
1387 3796 1436 3851 Vn

191 3891 276 3952 nobis,
287 3892 364 3943 modo
384 3891 528 3957 perituris,
540 3891 638 3958 quibus
655 3891 762 3943 risendi
772 3892 863 3943 abluta
875 3898 912 3944 est
929 3908 997 3958 spes.
1011 3892 1083 3958 Quid
1094 3894 1169 3946 ultra
1181 3894 1258 3947 nobis
1268 3896 1438 3963 suendum?

191 3990 226 4042 Io
236 3996 284 4041 tuo
298 3996 380 4042 morte
391 3996 486 4042 sanctu
497 3989 576 4041 bodie
588 3989 664 4041 nobis
681 3996 748 4042 nata
759 3997 798 4043 est
815 4006 888 4043 mors
905 4007 1011 4043 orioro.
1026 3990 1137 4059 Srrseipe
1154 3994 1246 4061 itaque
1258 4001 1375 4058 nostros,
1381 3997 1442 4063 pie

189 4096 276 4157 puter,
287 4089 373 4154 finies,
385 4089 480 4140 saltem
493 4089 578 4154 utorio,
599 4089 636 4140 od
654 4090 783 4141 cutoriam
798 4090 916 4153 pluriam
933 4091 1074 4155 mipruns:
1085 4098 1109 4143 et
1120 4107 1201 4157 quam
1218 4109 1273 4145 non
1291 4109 1445 4147 oneremur·

192 4188 303 4248 reniam,
326 4204 344 4239 o
361 4203 480 4253 superno
495 4173 562 4252 'repe
582 4189 729 4255 impetrare
746 4188 869 4254 dipnure,
888 4190 935 4241 oui
952 4190 981 4241 in
999 4190 1050 4241 true
1069 4192 1138 4243 suile
1154 4192 1337 4245 lacrimarum
1354 4202 1448 4247 tanto

190 4412 221 4419 ·-
236 4383 258 4417 ¹⁴
271 4381 425 4436 miseretur.
439 4411 469 4420 -
483 4383 507 4417 ¹¹⁵
519 4382 643 4450 piissimi.
656 4410 685 4418 -
703 4383 724 4418 ¹⁰
734 4386 769 4452 (p.
783 4384 817 4450 e.)
830 4400 853 4438 e.
866 4402 892 4454 p.
904 4416 935 4423 -
948 4384 1176 4453 ”promeruisse

223 4462 298 4517 llum
310 4463 334 4517 s,
347 4496 379 4503 -
393 4464 402 4498 ¹
415 4464 636 4518 sollicitudiuem.
650 4495 681 4502 -—
693 4467 705 4499 ²
718 4482 821 4519 curam.
834 4496 866 4504 —
878 4467 890 4501 ⁸
901 4467 1018 4536 negotia.
1035 4494 1068 4506 -
1085 4468 1096 4501 ⁴
1114 4470 1177 4523 odd.
1193 4474 1220 4522 et
1232 4479 1297 4538 post
1314 4472 1452 4527 videret.-

190 4576 222 4584 —
234 4547 246 4580 ⁶
257 4545 445 4600 erudiendum.
455 4574 485 4584 -
495 4547 506 4580 ⁸
515 4546 584 4601 aliis.
593 4575 627 4586 -
639 4548 649 4581 ⁷
665 4547 872 4603 calumniantes.
884 4576 917 4588 -
928 4549 991 4616 ⁸(D.
1004 4550 1040 4613 o.)
1052 4566 1078 4603 o.
1090 4549 1122 4604 l).
1135 4579 1164 4589 -
1178 4551 1190 4586 ⁹
1202 4569 1252 4606 our.

222 4626 388 4683 llun.1⁰.-
402 4629 412 4663 ¹
423 4629 503 4682 Deus.
516 4657 547 4668 -
560 4630 612 4692 ²(s.
625 4630 655 4697 f.)
664 4631 773 4684 om.-⁸
785 4631 814 4698 (i.
826 4631 843 4685 l.
855 4636 892 4698 v.)
904 4631 921 4685 l.
932 4647 956 4685 v.
970 4632 987 4685 i.
1000 4661 1030 4669 -
1042 4634 1054 4667 ⁴
1066 4633 1274 4689 resonabuutur.
1284 4664 1316 4676 -
1325 4632 1457 4707 libe.)

188 4729 213 4782 p.
225 4712 253 4766 h.
265 4712 319 4751 -θ
330 4728 381 4766 om.
392 4739 425 4751 —
437 4711 449 4745 ἵ
462 4726 566 4766 omnes.
579 4740 611 4752 -
622 4712 830 4781 ⁸perturbebus.
