3270 5400
304 369 398 421 aran.
417 368 499 421 nno.
518 368 693 421 nanneni.
713 391 758 401 —
778 371 858 422 oon.
876 358 914 422 n⁰
931 370 1055 423 rasa-rr.
1230 352 1298 424 177

101 557 140 617 6.
155 560 199 615 Ad
210 557 398 612 inventionem
411 563 504 611 autern
517 563 574 611 tam
586 559 712 626 pretiosae
725 558 838 626 virginis
847 558 907 626 quis
917 557 1030 626 ambigit
1042 558 1201 627 angelorum
1215 558 1296 613 mini·

56 657 178 712 sterium
190 656 321 710 affuisse?
330 655 437 725 Nempe
446 657 500 710 hoc
509 672 588 709 sacro
597 657 641 709 die
654 656 786 722 Christus,
795 658 932 727 virginum
943 673 1068 726 sponsus,
1075 673 1204 726 sponsam
1216 672 1295 710 suam

56 756 324 826 praedilectissimam
336 755 452 810 interme
464 755 617 809 dilectionis
629 772 724 810 amore
739 746 849 810 visitare
861 763 902 810 est
911 756 1046 824 dignatus.
1058 756 1136 810 Unde
1149 772 1295 810 coruscans

55 857 119 925 ipsa
138 854 284 911 miraculis,
301 871 335 908 ex
353 855 413 923 ejus
428 855 525 908 tumba
536 871 692 909 marmorea
709 855 859 924 longissimi
872 860 960 909 tractu
973 855 1103 925 temporis
1115 860 1172 908 tarn
1185 855 1295 909 abunde

20 962 38 1009 t
56 955 153 1010 oleum
171 954 284 1017 effluxit,
297 959 327 1007 ut
340 953 422 1008 etiam
435 953 507 1007 ultra
519 954 604 1008 divini
617 955 706 1008 cultus
718 954 915 1007 exhibitionem
930 955 1104 1008 sacerdotum
1117 958 1149 1007 et'
1158 953 1294 1008 ministro·

55 1071 121 1109 rum
131 1053 340 1108 necessitatibus
351 1054 520 1107 subveniret.
529 1053 672 1122 Quotquot
683 1070 803 1122 namque
816 1055 869 1107 hoc
884 1053 1069 1107 sacratissimo
1082 1054 1144 1106 oleo
1156 1053 1294 1122 ungeban-

54 1156 111 1213 tur,
123 1167 299 1221 qnacumque
315 1151 400 1207 etiam
413 1152 536 1220 corporis
552 1151 712 1206 infirmitate
723 1156 923 1220 torquerentur,
940 1152 975 1205 ad
993 1151 1135 1220 pristinam
1147 1152 1294 1206 sanitatem

55 1250 295 1304 restaurabantur.

99 1347 140 1405 7.
151 1346 265 1402 Sacrum
275 1353 369 1401 autem
378 1363 476 1416 corpus
486 1347 604 1417 praelatae
614 1347 733 1417 virginis,
740 1348 833 1401 divina
842 1346 994 1416 opitulante
1004 1348 1099 1416 gratia,
1107 1364 1156 1415 per
1165 1348 1294 1415 praelatos

10 1455 36 1505 ιο
54 1445 134 1498 viros
146 1450 256 1498 sanctos
270 1443 396 1512 adusque
408 1444 506 1512 pedem
518 1443 621 1497 montis
632 1443 752 1496 delatum
767 1449 816 1497 est
828 1443 859 1496 ln
872 1443 951 1511 cujus
962 1444 1069 1497 honore
1084 1447 1295 1497 construxerunt

53 1542 195 1613 capellam
220 1542 437 1605 devotissimam,
455 1542 502 1595 ubi
524 1543 676 1596 honorilice
694 1543 798 1596 dictum
822 1558 930 1595 sacmm
958 1558 1057 1610 corpus
1083 1542 1294 1596 collocaverunt.

52 1641 171 1695 Festum
183 1646 276 1694 autem
294 1639 461 1693 inventionis
477 1639 668 1694 sacratissimae
687 1640 798 1708 virginis
821 1640 978 1694 Katherinre
996 1644 1023 1693 et
1041 1640 1177 1709 martyris,
1195 1641 1295 1694 colitur

54 1740 142 1793 tertia
153 1739 259 1793 decima
275 1739 320 1792 die
337 1739 441 1792 mensis
457 1738 528 1801 binii,
541 1739 568 1791 in
581 1740 651 1792 festo
663 1740 750 1793 sancti
764 1739 882 1793 Servatii
894 1739 1023 1808 episcopi.
1036 1739 1216 1808 Summopere
1228 1756 1293 1793 vero

54 1852 168 1893 sacmm
179 1839 250 1892 hanc
260 1837 446 1892 inventionem
459 1854 581 1906 congrua
589 1838 737 1892 devotione
749 1855 922 1903 veneremur,
934 1838 962 1890 in
972 1855 1026 1907 qua
1036 1838 1117 1891 saluti
1130 1843 1294 1893 nostrretam

10 1936 206 2005 tta-magnilica
213 1936 298 1991 divini
307 1936 430 1991 muneris
437 1937 570 1990 beneficia
578 1942 642 1991 sunt
651 1937 924 1991 collata.Fuitautem
935 1954 991 1991 sure
1000 1936 1168 1991 inventionis
1174 1937 1293 2006 primum

58 2036 199 2090 celebrata
215 2037 348 2091 festivitas
359 2052 433 2090 anno
450 2037 485 2089 ab
503 2036 691 2091 incarnatione
708 2037 819 2090 Domini
836 2037 983 2090 millesimo
1002 2036 1169 2105 octogesimo
1188 2037 1293 2105 quinto,

59 2132 134 2186 circa
151 2133 270 2187 medium
287 2133 393 2187 mensis
404 2133 475 2186 Maii.
490 2133 542 2186 Sed
556 2134 656 2186 leslurn
670 2134 792 2198 ejusdem
805 2139 906 2187 sanctae
925 2133 1036 2202 virginis
1048 2134 1147 2187 colitur
1164 2134 1294 2188 vicesima

61 2231 180 2299 septima
191 2233 234 2286 die
245 2232 348 2287 mensis
357 2232 472 2301 Augusti
484 2232 513 2285 in
521 2233 593 2285 lesto
601 2234 688 2286 sancti
701 2233 764 2286 Rufi
774 2234 910 2300 martyris,
920 2233 1046 2302 discipuli
1058 2233 1146 2287 sancti
1155 2233 1294 2302 Apollina-

64 2330 304 2385 risllamnnensis
318 2331 527 2400 archiepiscopi.
540 2331 581 2384 lld
591 2331 702 2385 laudem
715 2331 816 2385 Christi
829 2337 857 2385 et
873 2338 973 2385 sanctae
990 2349 1045 2385 suae
1061 2333 1174 2401 virginis
1185 2337 1294 2386 etmar-

21 2434 53 2484 υ
68 2429 134 2495 lyris
143 2428 303 2495 lintherinre,
315 2446 423 2499 sponsae
440 2446 497 2483 sure
512 2429 704 2484 dilectissimae.
714 2430 769 2497 Qui
786 2431 855 2485 ririt
868 2437 896 2484 el
912 2437 1007 2500 regnat
1022 2432 1094 2485 Dens
1106 2447 1187 2500 super
1200 2431 1294 2484 omnia

71 2526 639 2584 benedictusinsecutasecutorumnmen.

78 2727 388 2799 Rxptlctttnventlo
409 2731 573 2802 corporis
593 2731 863 2801 gloriosissimae
884 2733 1037 2803 vlrgtnts
1058 2734 1096 2792 et
1116 2733 1294 2804 martyris

484 2827 617 2889 Christi
645 2831 867 2889 Katherlnae.

506 3045 850 3055 ————..

317 3262 377 3350 01.
409 3262 534 3351 (lodex
560 3262 749 3373 signatus
774 3282 819 3348 no
847 3262 1034 3351 tana-61.

10 3562 12 3577 Ι
127 3485 254 3562 bacades,
263 3498 360 3552 torma
369 3496 468 3551 mediae
477 3498 583 3561 (0¹¹¹,30‘2
597 3506 622 3552 a(
632 3498 710 3565 030),
722 3498 794 3551 binis
806 3497 951 3561 columnis,
963 3498 1042 3551 lineis
1054 3498 1186 3566 graplride
1196 3498 1292 3562 ductis,

10 3634 12 3641 .
100 3592 201 3645 ‘stralus
212 3600 250 3649 et
259 3601 384 3651 extremo
401 3596 494 3650 seculo
510 3596 581 3650 Xlll.
592 3596 669 3650 Nunc
680 3596 801 3662 mutilus,
815 3598 863 3650 tot
879 3596 1072 3665 complectitur
1088 3596 1163 3650 solla.
1181 3597 1292 3651 Litterae

10 3700 12 3707 '
104 3684 280 3762 majorantur,
288 3696 384 3750 viridis
392 3701 441 3749 aut
452 3695 560 3749 caerulei
572 3701 636 3749 sunt
648 3696 754 3750 coloris.
767 3697 805 3749 Ex
819 3696 863 3750 his
874 3713 930 3750 non
942 3713 1043 3766 paucas
1055 3696 1156 3766 duplici
1168 3696 1292 3750 adhibito

10 3818 13 3845 ι
103 3779 175 3839 ‘0¹0st
184 3792 258 3848 scriba
275 3794 415 3849 melicano
430 3794 497 3847 satis
514 3798 572 3847 arte
589 3792 751 3857 delineavit,
769 3794 892 3863 itemque
910 3796 1012 3850 litteras
1024 3795 1163 3863 capitales,
1175 3811 1292 3863 quarum

103 3875 214 3941 interium
222 3896 309 3959 partes
323 3896 381 3945 tum
395 3891 478 3944 variis
487 3890 609 3944 colorum
619 3890 738 3944 nexibus
749 3895 808 3945 tum
822 3892 977 3958 plantarum
990 3893 1084 3961 figuris
1096 3891 1232 3945 solidarit.

130 3974 226 4042 F<ll-Pin
234 3991 355 4060 margine
364 3989 500 4058 superiori
508 3989 616 4058 scripsit
625 3989 790 4044 Godelridus
799 3991 990 4045 chschenius
999 3991 1157 4058 sequentia:
1168 3993 1293 4046 Ennianis

104 4074 319 4159 “Crdanopota
330 4093 361 4143 in
378 4069 501 4144 auctione
512 4090 615 4142 Eraria
632 4096 717 4142 straet
734 4098 763 4141 αο
781 4094 853 4144 1652.
870 4090 901 4143 ln
919 4095 996 4159 parte
1008 4106 1073 4143 vero
1084 4090 1206 4144 interiori
1219 4096 1292 4159 legu-

105 4176 270 4243 hertinium
281 4194 324 4243 est
335 4187 443 4257 signum
455 4187 682 4242 Bollandianum:
695 4189 729 4245 Ν
746 4190 795 4242 ‘267
807 4206 831 4243 a.

180 4364 208 4435 1⁰
228 4370 463 4464 [Fragmenta
488 4368 754 4443 miraculorum
781 4376 930 4442 auctore
953 4369 1151 4441 Benedicta
1177 4367 1290 4440 Petri-

213 4482 383 4577 hurgensi
401 4484 549 4577 abbate]
567 4485 644 4576 (fol.
668 4484 779 4575 ΡΨ).
806 4518 810 4525 ·

126 4596 186 4661 ffliht
194 4614 259 4681 apud
269 4614 437 4679 noberrson,
448 4614 551 4669 Rerum
565 4616 793 4668 Britannicarum
805 4614 888 4666 medii
899 4615 946 4666 arri
957 4611 1024 4675 Scau,
1037 4612 1181 4663 Materiale
1190 4612 1237 4675 sor·
1248 4611 1290 4662 tlec

99 4698 229 4779 ⁸540!on
244 4714 361 4769 ihomas
377 4714 483 4782 Becket,
495 4718 561 4767 tom.
580 4713 622 4777 ll;
641 4712 746 4766 scilicet
762 4712 865 4766 ultimae
877 4712 956 4765 linere
974 4727 1033 4779 cap.
1045 4726 1136 4763 nxxrrr
1147 4709 1208 4763 libri
1221 4726 1251 4762 ru
1263 4713 1290 4762 et

172 4824 351 4869 urrunnun.
368 4829 393 4868 r.
411 4829 439 4867 rr.
1161 4808 1192 4861 1a
