3270 5400
379 327 471 379 maa.
487 325 569 379 nae.
587 325 762 378 eamean.
781 346 827 356 —
846 325 927 377 coo.
946 313 983 376 n⁰
1001 320 1124 376 assa-ot.
1296 301 1369 376 265

401 517 481 570 Hunc
492 516 521 570 in
529 515 609 585 plebe
620 531 671 569 sua
682 515 750 569 dans
761 531 884 569 crescere
895 513 1089 584 magnificavit,

401 615 599 684 Sublatumque
611 615 711 670 dehinc
721 613 801 669 terris
813 630 895 684 super
906 617 979 667 astra
990 613 1100 676 locavit,

402 716 462 784 lpse
473 713 632 784 perornavit
642 717 751 783 tempus
762 729 819 782 quo
830 711 1008 782 pontificavit,

399 814 460 884 lpse
472 830 552 868 suam
564 818 665 867 terram
678 813 722 867 vel
733 813 827 866 sedem
839 812 1005 874 nobilitavit,

399 913 515 982 Ipsoque
527 912 651 966 moribus
663 928 711 966 ore
720 912 765 965 vel
776 912 884 965 actibus
894 910 1080 980 amplificavit,

400 1011 550 1066 Ecclesiam
562 1027 698 1065 renovans
710 1011 848 1081 propriam
858 1027 942 1080 quam
951 1026 1060 1079 semper
1069 1009 1174 1064 amavit

399 1111 434 1165 Et
445 1110 624 1179 pausantibus
636 1110 708 1163 hane
719 1126 797 1164 sacer
809 1110 917 1163 ossibus
930 1109 993 1163 inde
1003 1109 1112 1163 dicavit.

400 1209 533 1263 Gentibus
545 1225 609 1277 ergo
618 1209 775 1277 petentibus
784 1209 829 1263 bic
840 1210 1001 1273 medicatur,

400 1309 424 1362 Α
435 1307 592 1376 regionibus
601 1308 811 1363 advenientibus
821 1309 977 1373 auxiliatur,

401 1406 523 1462 Plurima
531 1408 654 1462 maxima
664 1408 742 1476 sigua
754 1408 872 1477 benigna
884 1410 974 1462 serens
984 1412 1121 1476 operatur,

400 1504 490 1559 Divite
501 1521 621 1574 paupere
632 1504 719 1558 milite
731 1521 794 1574 rege
806 1503 890 1558 simul
903 1509 1058 1570 veneratur,

400 1603 488 1657 Pestis
499 1607 527 1656 ei
538 1603 627 1657 hostis
635 1608 723 1657 terror
733 1608 760 1657 et
772 1619 848 1658 error
858 1603 895 1656 ibi
907 1607 1060 1671 superatur,

399 1703 537 1758 Pernicies
549 1708 642 1757 tumor
654 1708 681 1756 et
693 1702 783 1756 rabies
795 1703 890 1756 sedata
903 1702 1019 1771 lugetur,

401 1801 494 1856 Caecus
506 1801 619 1866 lumine,
631 1807 725 1855 mutus
737 1801 841 1856 famine
852 1818 908 1871 quo
919 1806 1068 1868 reparatur,

400 1902 494 1971 Indiga
506 1901 624 1970 confuga
635 1901 768 1969 naufraga
777 1901 855 1969 plebs
864 1917 933 1969 vaga
942 1899 1104 1964 laetificatur,

399 2000 508 2070 Frigida
519 2000 623 2055 torrida
635 2001 762 2054 morbida
772 2000 861 2054 lurida
869 1999 1045 2066 salvificatur,

401 2103 543 2171 Surdaque
555 2102 707 2171 claudaque
717 2118 855 2171 curvaque
864 2118 1017 2170 murreaque
1029 2101 1108 2171 siqua
1119 2105 1255 2170 gravatur,

401 2202 505 2256 Audita
517 2202 632 2271 pedibus
644 2207 722 2270 gestu
734 2202 864 2255 manibus
875 2205 1026 2270 reparatur,

401 2301 525 2371 Namque
534 2301 637 2355 bonum
647 2302 759 2355 firmum
771 2302 837 2370 quia
846 2301 958 2355 nomine
972 2306 1041 2354 teste
1054 2305 1175 2364 vocatur,

402 2402 467 2456 lure
479 2402 554 2470 quod
567 2401 705 2455 infirmum
719 2401 801 2455 fuerit
813 2418 862 2470 per
874 2417 937 2454 eum
950 2400 1093 2465 solidatur,

404 2500 602 2556 OGodeharde
615 2506 700 2570 pater.
713 2518 769 2556 non
780 2502 858 2555 tarde
868 2501 965 2570 juvare
978 2505 1105 2569 precatur

401 2603 473 2656 Gens
485 2603 534 2656 tibi
547 2602 665 2666 subdita,
675 2603 752 2671 plebs
762 2602 811 2656 tibi
823 2601 927 2655 credita
939 2618 973 2654 ne
984 2601 1102 2670 patiatur

401 2702 463 2757 Ulla
471 2703 600 2772 pericula,
611 2707 666 2756 tam
676 2702 726 2755 tibi
737 2703 832 2756 sedula
841 2719 902 2770 quae
913 2701 1075 2765 famulatum

403 2802 467 2856 llaeo
475 2794 513 2855 'sit
525 2807 556 2856 ut
567 2807 660 2855 extera
672 2819 756 2870 quam
769 2807 817 2855 tua
829 2802 942 2855 dextera
953 2802 1025 2855 ferre
1037 2806 1158 2870 putatur,

402 2902 486 2956 Porta
497 2903 622 2955 conforta
630 2918 693 2970 rege
702 2906 822 2970 protege,
832 2917 866 2954 ne
879 2906 1018 2966 noceatur,

403 3002 524 3070 Corpora
532 3006 644 3070 pectora
656 3005 781 3068 tempora
793 3001 855 3054 laeta
866 3001 916 3054 sed
928 2999 1084 3069 experiatur
1094 3019 1100 3063 ;

403 3101 482 3170 Erige
493 3101 597 3169 corrige
609 3100 691 3154 labile
702 3100 793 3155 flebile
805 3100 984 3154 nemoriatur
994 3119 1001 3165 ;

403 3199 487 3254 Effice
496 3200 545 3254 sed
553 3216 634 3269 prece
643 3200 700 3254 vita
711 3200 797 3269 petita
808 3200 861 3255 sibi
873 3200 1017 3265 tribuatur,

403 3300 502 3369 Sicque
511 3299 592 3353 beata
603 3299 718 3369 soloque
730 3299 849 3369 poloque
861 3300 975 3368 Deoque
987 3299 1101 3354 fruatur.

237 3471 277 3543 6ο
303 3467 432 3541 Passio
454 3468 517 3555 SS,
532 3467 770 3540 'thebeorum
785 3471 994 3559 martyrum
1012 3467 1090 3559 (fol.
1110 3467 1273 3558 lit-30³).

167 3616 253 3672 Edita
272 3614 347 3683 apud
366 3612 462 3682 lligne,
481 3617 549 3666 tom.
564 3612 618 3676 cit,
635 3630 660 3682 p.
681 3607 751 3667 1625
763 3629 829 3682 sqq.;
851 3616 929 3665 etex
947 3612 1001 3665 hoe
1021 3612 1081 3667 cod.
1098 3612 1126 3665 in
1144 3615 1202 3666 Act.
1220 3613 1276 3678 SS,
1294 3611 1330 3666 ad
1347 3612 1372 3666 d.

128 3719 166 3773 22
175 3712 342 3785 Septembr,
354 3717 421 3766 tom.
430 3713 472 3777 Vl,
484 3730 510 3782 p.
521 3713 638 3767 musas.
650 3712 704 3766 Sed
716 3712 865 3781 utrobique
874 3728 993 3781 sequens
1002 3711 1090 3766 oratio
1104 3728 1158 3766 om.

523 3893 624 3931 ORATIO
641 3893 690 3931 SUB
710 3893 817 3930 utullus
835 3892 991 3930 EORUHDEM.

405 4008 510 4063 Ornatu
521 4024 632 4062 morum
646 4024 697 4062 nos
709 4007 800 4072 indue,
813 4008 930 4072 Christe,
943 4008 1065 4062 virorum

405 4107 528 4175 Quorum
538 4112 568 4161 tu
577 4107 697 4176 placidas
709 4107 759 4161 tibi
769 4107 848 4160 sedes
858 4108 942 4161 corda
953 4107 1079 4177 parabas,

405 4207 438 4261 Et
446 4207 546 4277 quibus
554 4207 683 4261 indueras
692 4206 755 4259 vitae
764 4222 813 4275 pro
824 4213 913 4261 morte
923 4223 1063 4260 eoronam.

405 4307 467 4362 vita
477 4307 622 4361 beatorum
636 4306 681 4360 via
693 4321 759 4360 vera
768 4306 865 4360 salutis
874 4322 971 4361 eorum

404 4406 444 4461 'l'e
457 4407 519 4461 vitre
530 4412 638 4477 portam
651 4407 719 4460 dans
729 4406 774 4460 his
785 4405 889 4461 intrare
902 4423 950 4476 per
962 4411 1066 4471 artam;

404 4506 482 4561 Atria
493 4523 544 4560 nos
555 4506 636 4576 patrii
648 4522 697 4576 per
708 4522 757 4560 eos
766 4505 849 4560 induc
862 4507 990 4577 paradysi
995 4526 1002 4572 ;

405 4607 446 4660 Da
458 4605 521 4676 vigil
532 4610 641 4660 aeterna
653 4606 797 4675 vigilemus
808 4607 909 4660 mentis
921 4606 950 4660 in
963 4623 1035 4661 aree.

404 4705 438 4760 Et
448 4705 631 4777 vigilaverunt
639 4705 686 4774 qui
696 4710 723 4760 te
731 4706 850 4761 multum
861 4706 995 4773 sitierunt,
