3270 5400
243 363 335 415 man.
352 363 435 416 nno.
453 364 626 416 nausson.
643 386 691 397 -
708 366 857 419 crunno.
874 367 922 419 au
940 368 1018 420 oon.
1037 360 1076 420 ΝΟ
1092 368 1168 422 alas.
1272 352 1321 424 47

96 552 180 623 geos¹
192 559 299 624 partem
311 555 415 611 babere
424 556 452 611 in
461 557 613 612 hereditate
622 559 704 613 sortis
713 559 871 626 Dominicae‚
883 566 993 630 sumpta
1004 578 1052 631 per
1069 578 1168 617 manus
1180 563 1321 633 imponen-

96 652 162 708 tium
171 655 372 721 benediclione,
381 656 510 711 resecans
519 673 626 711 necnon
637 657 749 727 capillis,
758 659 834 713 velut
845 659 935 714 carnis
946 661 1028 728 vitiis,
1040 662 1196 730 properavit
1208 662 1321 720 clericus

95 753 198 808 institui
207 760 312 809 etesse.
320 755 408 822 Quae⁸
418 760 511 810 antem
520 756 585 811 cleri
592 762 719 813 suntnon
728 758 864 828 ignorans,
873 775 890 813 a
899 759 984 814 seculi
993 760 1137 815 alienando
1145 778 1175 816 se
1184 764 1321 830 operibus,

96 855 203 909 nolebat
214 855 351 925 implicari
368 856 464 911 mundi
481 857 676 927 voluptatibus,
692 859 808 928 negotiis
820 859 840 923 ⁴,
853 860 944 914 usuris
961 863 989 914 et
1006 861 1157 925 fraudibus,
1174 868 1256 932 atque
1273 881 1322 933 per

68 949 81 997 ⁵
96 953 292 1008 exhibitionem
304 954 446 1024 acquisitis
456 956 595 1011 honorum
606 957 744 1025 gradibus.
761 957 821 1011 Non
838 959 914 1027 vagis
931 959 1025 1024 oculis,
1037 976 1093 1014 non
1104 960 1196 1029 lingua
1213 961 1321 1026 infreni,

97 1069 149 1107 non
159 1052 267 1107 tumido
279 1070 395 1124 pergens
406 1056 523 1120 incessu,
535 1056 584 1110 sed
595 1056 765 1111 verecundus
777 1061 804 1110 et
815 1057 928 1112 humilis
946 1063 1038 1112 mente
1049 1075 1165 1113 manens
1176 1065 1204 1114 et
1215 1061 1320 1125 habitu,

97 1168 223 1206 coronam
235 1153 335 1221 capitis
345 1154 527 1208 conservabat
537 1155 750 1220 immaculatam,
760 1155 827 1209 utin
839 1157 913 1211 coelis
922 1158 1114 1226 repromissam
1124 1158 1176 1213 sibi
1186 1161 1321 1229 acciperet

97 1250 348 1306 immarcessibilem
358 1256 535 1307 etaeternam.

133 1348 165 1407 9.
185 1349 249 1402 lam
260 1364 329 1402 vero
346 1364 407 1418 quae
424 1349 520 1405 beatus
537 1348 653 1404 Amatos
665 1356 822 1405 sanctarum
839 1353 971 1407 virtutum
985 1353 995 1387 ¹
1008 1369 1091 1422 opera
1108 1369 1164 1408 non
1179 1354 1321 1410 exercuit?

60 1442 84 1492 ¹⁰
97 1446 158 1514 Quae
168 1446 322 1502 coelestium
330 1446 524 1501 mandatorum
532 1453 732 1518 praeceptanon
741 1449 863 1519 peregit?
875 1449 943 1515 Quis
955 1450 1000 1503 illo
1014 1467 1076 1519 erga
1089 1456 1250 1505 cunctorum
1263 1451 1320 1505 ani·

97 1561 152 1599 mos
163 1544 191 1599 in
202 1544 215 1579 ²
226 1544 329 1614 pietate
341 1544 485 1600 devotior?
495 1545 562 1612 Quis
571 1561 604 1600 eo
617 1547 646 1600 in
663 1547 783 1601 fraterna
794 1547 907 1601 caritate
919 1547 1088 1602 ferventior?
1106 1549 1173 1615 Quis
1186 1549 1213 1602 in
1231 1548 1321 1604 distri·

98 1643 181 1698 ctione
188 1644 257 1713 legis
265 1644 408 1698 severior?
420 1644 456 1698 Ut
468 1648 561 1699 autem
571 1645 648 1700 brevi
656 1645 745 1707 dicam
759 1645 866 1716 epilogo
878 1665 884 1700 :
895 1646 933 1699 ita
942 1648 1065 1700 certabat
1077 1646 1104 1701 in
1116 1649 1166 1702 Dei
1179 1648 1280 1713 officio,
1289 1652 1321 1703 ut

98 1742 139 1796 vix
149 1740 319 1796 inveniretur
328 1741 389 1812 quis
397 1741 494 1796 similis
502 1741 549 1807 illi,
559 1742 605 1812 qui
618 1746 793 1797 conservaret
807 1742 895 1812 legem
910 1744 1024 1798 Excelsi.
1040 1745 1084 1797 Sic
1100 1745 1230 1799 nimirum
1241 1745 1321 1800 claris

98 1840 214 1894 moribus
223 1844 253 1894 et
269 1845 333 1893 actu
342 1839 471 1908 fulgebat,
480 1845 512 1893 ul
521 1843 652 1909 tanquam
666 1840 708 1894 sol
725 1840 882 1910 splendidos
894 1841 937 1894 sui
950 1840 1039 1910 operis
1050 1842 1079 1895 in
1096 1842 1216 1896 Ecclesia
1228 1843 1321 1898 radios

63 1937 84 1985 15
98 1939 237 2004 emitteret,
245 1939 458 2009 exemplumque
468 1938 580 2007 J'uslitiae
589 1939 746 1993 videntibus
755 1940 767 1974 ⁸
776 1936 947 2009 approbaret.
957 1941 980 1995 Ο
992 1941 1082 1994 virum
1095 1958 1145 2009 per
1156 1942 1250 1996 omnia
1261 1943 1320 1997 Deo

98 2037 242 2107 dignum‚o
258 2037 425 2092 laudabilem
444 2037 572 2092 clericum
590 2042 618 2092 et
635 2038 745 2092 beatum
759 2039 869 2093 Domini
888 2041 1012 2093 servum!
1025 2040 1078 2106 Qui
1091 2040 1156 2093 dum
1174 2042 1321 2096 custodivit

96 2137 209 2204 justitias
226 2138 296 2206 ejus,
316 2136 481 2206 justificatus
501 2142 558 2202 est;
578 2137 665 2191 dum⁴
682 2137 799 2191 fideliter
817 2137 954 2200 militavit,
972 2139 1000 2192 in
1018 2139 1088 2193 libro
1106 2140 1169 2192 vitae
1188 2141 1321 2209 ascriptus

99 2240 141 2290 est

136 2335 190 2392 10.
212 2337 253 2391 Ex
264 2310 347 2389 beaio
364 2335 462 2389 beatus
473 2334 726 2388 Amatus1beanor
737 2351 845 2404 semper
857 2335 977 2397 effectus,
990 2340 1046 2389 lam
1057 2337 1209 2391 sanctitatis
1221 2337 1320 2391 merito

62 2432 86 2482 2⁰
99 2451 176 2503 quam
187 2432 356 2488 honestioris
368 2431 505 2500 dignitatis
517 2432 636 2487 culmine
644 2432 782 2502 praeclaro,
791 2433 906 2501 sumptis
915 2433 1080 2502 quibusdam
1091 2434 1212 2488 lsanctae
1224 2435 1320 2489 matris

99 2532 220 2588 Ecclesiae
239 2532 378 2602 gradibus,
395 2532 565 2601 jamjamque
587 2532 600 2566 ⁸
622 2532 804 2600 fulguranlior
826 2532 966 2586 relucebat
985 2532 1013 2586 in
1037 2532 1149 2602 singulis
1170 2533 1321 2589 ordinibus.

98 2630 462 2700 Sciens⁴denique⁶quanto
474 2630 617 2699 gloriosior
625 2631 730 2685 honore
743 2635 818 2684 lanto
826 2631 913 2700 magis
925 2631 1073 2685 ferventior
1085 2631 1200 2685 inveniri
1213 2632 1320 2698 debere,

98 2735 122 2784 el
136 2730 187 2784 sibi
205 2735 265 2785 erat
277 2733 374 2784 cautus
391 2730 592 2797 observatione,
604 2734 632 2783 et
643 2730 703 2783 aliis
715 2730 799 2783 fiebat
811 2730 979 2784 admirabilis
992 2730 1153 2784 imitatione.
1165 2731 1321 2786 Praecinctis

97 2846 211 2900 namque
226 2830 337 2894 lumbis,
349 2829 488 2883 lucernam
501 2833 600 2882 tenens
614 2829 756 2883 ardentem
768 2829 897 2882 manibus
908 2829 1027 2895 mundis,
1038 2831 1114 2883 omni
1127 2831 1198 2884 hora
1209 2835 1320 2899 paratus

59 2923 83 2974 25
96 2933 121 2982 et
131 2929 254 2998 vigilans,
268 2928 432 2998 expectabat
446 2928 595 2981 Dominum
607 2944 780 2982 reversurum
793 2945 809 2981 a
824 2927 935 2997 nuptiis.
947 2928 1019 2981 Sane
1030 2928 1108 2982 stolis
1120 2945 1177 2983 non
1192 2929 1321 2998 ineptus⁶

95 3028 316 3093 sacerdotalibus,
329 3027 477 3081 accurabat
486 3026 632 3081 instantius
640 3028 769 3095 quatinus
778 3032 870 3081 mente
880 3043 948 3095 pura
957 3031 984 3080 et
997 3027 1087 3096 digitis
1096 3028 1212 3096 expiatis
1221 3032 1320 3097 myste-

95 3126 163 3181 rium
175 3126 187 3161 ⁷
198 3125 267 3180 illud
278 3098 408 3180 tractaret
419 3124 566 3189 vivificum,
577 3125 768 3194 cooperatione
780 3125 867 3179 sancti
879 3125 1003 3194 Spiritus.

134 3225 189 3282 11.
211 3221 465 3290 Praeterea1,Pauli
477 3239 543 3276 usus
561 3223 696 3291 exemplo,
705 3223 800 3276 omnia
811 3223 939 3276 omnibus
957 3227 1023 3287 erat,
1033 3223 1194 3277 omnimodo
1206 3240 1236 3277 se
1254 3240 1320 3293 prae·

93 3325 159 3380 bens
177 3324 292 3388 cunctis,
311 3328 394 3392 prout
412 3322 543 3392 poscebat
560 3322 637 3376 ratio.
655 3321 875 3375 Praecellentibus
892 3322 904 3355 ¹
922 3321 1042 3390 quidem,
1060 3321 1151 3375 verbis
1171 3320 1319 3390 plurimum

49 3417 77 3469 ³⁰
89 3424 224 3492 jocundis,
236 3423 462 3492 temporibusque
479 3420 631 3490 proverbiis
640 3421 778 3490 sapienter
789 3420 897 3489 aptatis,
909 3423 1017 3474 animos
1029 3420 1218 3484 demulcebat;
1231 3420 1320 3474 mino·

92 3521 167 3575 ribns
176 3536 251 3584 vero,
260 3519 336 3573 dictu
346 3517 449 3573 affabili
465 3523 530 3572 vota
542 3517 676 3572 mentium
688 3517 864 3571 sublevabat:
876 3517 1074 3586 universosque
1086 3517 1176 3572 modis
1188 3518 1320 3571 addecen·

91 3620 164 3674 tibus
176 3619 339 3681 informans,
347 3616 401 3670 illis
418 3616 582 3670 informatus
600 3621 628 3670 et
642 3616 707 3685 ipse,
719 3617 754 3669 ab
767 3617 896 3670 omnibus
911 3616 1065 3669 amabatur.
1073 3615 1128 3669 Neo
1141 3620 1248 3669 tantum
1258 3632 1320 3683 pro·

90 3717 223 3772 vinciales
234 3717 307 3772 intra
315 3717 384 3771 lines
395 3715 526 3770 instantia
537 3715 713 3785 benignitatis
730 3714 814 3784 ipsius
830 3720 959 3769 contenta
968 3720 1017 3781 est,
1026 3715 1075 3768 sed
1087 3714 1222 3768 volitabat
1236 3714 1319 3768 etiam

89 3817 191 3871 nobilis
208 3817 284 3871 lama
300 3817 441 3885 adusque
458 3830 541 3883 regna
558 3818 659 3867 extera.
677 3814 738 3867 Non
754 3820 841 3881 potent
857 3813 1002 3881 siquidem,
1020 3814 1059 3866 ait
1075 3812 1208 3875 Salvator,
1225 3815 1321 3865 civitas

41 3911 72 3963 ³5
89 3917 219 3970 meandi
234 3932 323 3984 supro
334 3921 447 3968 montem
463 3915 552 3980 posito
567 3931 577 3966 .·
594 3927 683 3980 neque
701 3927 815 3965 accensa
832 3912 884 3965 sub
902 3912 995 3965 modio
1014 3911 1125 3979 ponitur
1136 3910 1254 3975 lucerna,
1271 3911 1319 3964 sed

89 4031 174 4084 super
189 4013 388 4068 candelabrum
405 4013 435 4066 in
452 4009 581 4075 Ecclesia,
597 4010 652 4064 hoc
669 4014 711 4064 est
727 4009 755 4063 in
773 4011 982 4079 congregatione
994 4014 1151 4064 sanctorum
1163 4025 1319 4064 numerosa.

89 4113 196 4167 Passim
206 4113 290 4183 igitur
296 4112 429 4167 bonilatis
437 4111 496 4180 ejus
504 4125 615 4164 rumore
624 4109 809 4179 flagrante³et
818 4109 856 4162 sic
866 4109 1002 4179 opinionis
1011 4109 1089 4179 abeo
1098 4109 1205 4177 longius
1213 4109 1320 4163 honore

88 4338 124 4351 -
133 4310 146 4344 ²
155 4313 190 4372 (a.
201 4311 234 4375 s.)
243 4326 265 4363 s.
277 4324 302 4363 a.
310 4306 368 4372 3,AE
378 4334 408 4345 —
421 4306 434 4341 ⁸
446 4305 679 4374 (Qua-atemam)
691 4323 742 4360 om.
753 4307 777 4369 b,
789 4306 814 4358 3.
822 4305 876 4345 -⁴
887 4306 917 4360 in
929 4321 989 4374 neg.
1000 4306 1024 4359 4.

124 4391 198 4446 lium
209 4390 234 4446 3.
242 4420 276 4430 -
286 4390 296 4425 ¹
308 4390 341 4454 (s.
349 4388 386 4455 v.)
398 4406 448 4443 om.
457 4389 482 4442 3.
490 4417 519 4428 -
534 4388 546 4423 ⁹
558 4406 608 4443 om.
619 4389 644 4442 3.
653 4388 706 4427 -¹
717 4387 875 4442 viventibus
887 4389 911 4441 3.
920 4416 951 4425 -
963 4388 1013 4441 ⁴et
1025 4387 1090 4441 dum
1103 4388 1127 4441 3.

124 4473 198 4528 llum
209 4473 250 4528 lo.
261 4502 296 4512 -
307 4472 320 4508 ¹
330 4472 440 4540 (beatus
451 4470 494 4536 Α.)
504 4488 553 4526 om.
565 4472 590 4525 3.
599 4499 632 4510 -
644 4471 656 4505 ¹
667 4471 823 4540 quibusque
833 4473 857 4524 3.
867 4499 899 4509 -
910 4471 1045 4538 ⁸jamjam
1058 4471 1082 4524 3.
1092 4468 1145 4508 -⁴
1157 4469 1321 4536 (Sciens-nu·

88 4558 210 4626 morosa)
222 4556 310 4612 caval.
323 4583 356 4594 -
366 4554 453 4624 ‘quia
461 4554 485 4608 3.
497 4581 528 4594 -
540 4554 552 4590 ⁸
564 4555 632 4618 (non
643 4554 672 4619 i.)
687 4554 814 4623 indeptus
825 4554 850 4617 3,
861 4552 970 4621 ineptus
981 4554 1005 4606 4.
1018 4580 1049 4592 -
1062 4552 1073 4586 ⁷
1085 4551 1245 4620 mysterium
1258 4554 1321 4606 odd.

88 4641 196 4777 831ῗῇ
207 4720 248 4777 11.
256 4748 292 4762 -·
303 4721 314 4756 ¹
325 4719 476 4789 Propterea
485 4719 511 4775 l.
523 4747 554 4758 -
563 4718 575 4753 ⁹
584 4686 941 4789 (praecellentibus-optatio)
953 4733 1003 4772 om.
1012 4718 1036 4771 3.
1048 4716 1101 4755 -⁸
1112 4716 1249 4785 fragrante
1257 4715 1282 4770 3.
