<?xml version="1.0" encoding="UTF-8"?>
<!DOCTYPE html PUBLIC "-//W3C//DTD XHTML 1.0 Transitional//EN"
    "http://www.w3.org/TR/xhtml1/DTD/xhtml1-transitional.dtd">
<html xmlns="http://www.w3.org/1999/xhtml" xml:lang="en" lang="en">
 <head>
  <title>
</title>
<meta http-equiv="Content-Type" content="text/html;charset=utf-8" />
  <meta name='ocr-system' content='tesseract 3.04.00' />
  <meta name='ocr-capabilities' content='ocr_page ocr_carea ocr_par ocr_line ocrx_word'/>
</head>
<body>
  <div class='ocr_page' id='page_1' title='image "./cataloguscodicu00belggoog_0371.png"; bbox 0 0 3338 5394; ppageno 0'>
   <div class='ocr_carea' id='block_1_1' title="bbox 314 351 1205 428">
    <p class='ocr_par' dir='ltr' id='par_1_1' title="bbox 314 351 1205 428">
     <span class='ocr_line' id='line_1_1' title="bbox 314 351 1205 428; baseline 0.004 -6"><span class='ocrx_word' id='word_1_1' title='bbox 314 351 385 424; x_wconf 81' lang='grc'>350</span> <span class='ocrx_word' id='word_1_2' title='bbox 646 372 772 424; x_wconf 75' lang='lat' dir='ltr'>aaran.</span> <span class='ocrx_word' id='word_1_3' title='bbox 799 373 902 425; x_wconf 88' lang='lat' dir='ltr'>conn.</span> <span class='ocrx_word' id='word_1_4' title='bbox 928 373 1205 428; x_wconf 78' lang='lat' dir='ltr'>uaeroennnmc.</span> 
     </span>
    </p>
   </div>
   <div class='ocr_carea' id='block_1_2' title="bbox 309 560 1596 2906">
    <p class='ocr_par' dir='ltr' id='par_1_2' title="bbox 313 560 1543 731">
     <span class='ocr_line' id='line_1_2' title="bbox 354 560 1543 636; baseline 0.003 -17"><span class='ocrx_word' id='word_1_5' title='bbox 354 560 436 619; x_wconf 78' lang='lat' dir='ltr'>Ant.</span> <span class='ocrx_word' id='word_1_6' title='bbox 463 562 577 631; x_wconf 81' lang='lat' dir='ltr'>Accepit</span> <span class='ocrx_word' id='word_1_7' title='bbox 588 562 809 617; x_wconf 82' lang='lat' dir='ltr'>benedictionem</span> <span class='ocrx_word' id='word_1_8' title='bbox 822 563 919 618; x_wconf 90' lang='lat' dir='ltr'>beatus</span> <span class='ocrx_word' id='word_1_9' title='bbox 935 564 1055 618; x_wconf 82' lang='lat' dir='ltr'>ludocus</span> <span class='ocrx_word' id='word_1_10' title='bbox 1072 581 1089 618; x_wconf 91' lang='lat' dir='ltr'>a</span> <span class='ocrx_word' id='word_1_11' title='bbox 1106 565 1232 629; x_wconf 90' lang='lat' dir='ltr'>Domino,</span> <span class='ocrx_word' id='word_1_12' title='bbox 1251 567 1327 636; x_wconf 85' lang='lat' dir='ltr'>cujus</span> <span class='ocrx_word' id='word_1_13' title='bbox 1344 567 1543 623; x_wconf 78' lang='lat' dir='ltr'>benedictionis</span> 
     </span>
     <span class='ocr_line' id='line_1_3' title="bbox 313 662 1071 731; baseline 0.004 -16"><span class='ocrx_word' id='word_1_14' title='bbox 313 662 392 731; x_wconf 76' lang='lat' dir='ltr'>signo</span> <span class='ocrx_word' id='word_1_15' title='bbox 404 662 541 730; x_wconf 83' lang='lat' dir='ltr'>aquilinus</span> <span class='ocrx_word' id='word_1_16' title='bbox 552 663 654 716; x_wconf 89' lang='lat' dir='ltr'>interiit</span> <span class='ocrx_word' id='word_1_17' title='bbox 666 663 750 731; x_wconf 77' lang='lat' dir='ltr'>vigor.</span> <span class='ocrx_word' id='word_1_18' title='bbox 762 662 805 716; x_wconf 90' lang='lat' dir='ltr'>Ps.</span> <span class='ocrx_word' id='word_1_19' title='bbox 816 663 926 717; x_wconf 89' lang='lat' dir='ltr'>Domini</span> <span class='ocrx_word' id='word_1_20' title='bbox 939 667 980 717; x_wconf 87' lang='lat' dir='ltr'>est</span> <span class='ocrx_word' id='word_1_21' title='bbox 991 668 1071 718; x_wconf 91' lang='lat' dir='ltr'>terra.</span> 
     </span>
    </p>

    <p class='ocr_par' dir='ltr' id='par_1_3' title="bbox 313 759 1543 916">
     <span class='ocr_line' id='line_1_4' title="bbox 355 759 1543 830; baseline 0.003 -13"><span class='ocrx_word' id='word_1_22' title='bbox 355 759 437 817; x_wconf 81' lang='lat' dir='ltr'>Ant.</span> <span class='ocrx_word' id='word_1_23' title='bbox 461 760 641 814; x_wconf 85' lang='lat' dir='ltr'>Beatissimus</span> <span class='ocrx_word' id='word_1_24' title='bbox 650 760 750 815; x_wconf 88' lang='lat' dir='ltr'>Christi</span> <span class='ocrx_word' id='word_1_25' title='bbox 760 762 901 815; x_wconf 83' lang='lat' dir='ltr'>confessor</span> <span class='ocrx_word' id='word_1_26' title='bbox 909 762 1029 816; x_wconf 84' lang='lat' dir='ltr'>tudocus</span> <span class='ocrx_word' id='word_1_27' title='bbox 1038 763 1094 816; x_wconf 91' lang='lat' dir='ltr'>Deo</span> <span class='ocrx_word' id='word_1_28' title='bbox 1105 767 1132 817; x_wconf 90' lang='lat' dir='ltr'>et</span> <span class='ocrx_word' id='word_1_29' title='bbox 1140 764 1299 819; x_wconf 89' lang='lat' dir='ltr'>hominibus</span> <span class='ocrx_word' id='word_1_30' title='bbox 1308 765 1412 821; x_wconf 88' lang='lat' dir='ltr'>exstitit</span> <span class='ocrx_word' id='word_1_31' title='bbox 1421 766 1543 830; x_wconf 88' lang='lat' dir='ltr'>dilectus,</span> 
     </span>
     <span class='ocr_line' id='line_1_5' title="bbox 313 857 1214 916; baseline 0.004 -4"><span class='ocrx_word' id='word_1_32' title='bbox 313 857 403 912; x_wconf 88' lang='lat' dir='ltr'>clarus</span> <span class='ocrx_word' id='word_1_33' title='bbox 415 859 498 912; x_wconf 88' lang='lat' dir='ltr'>etiam</span> <span class='ocrx_word' id='word_1_34' title='bbox 511 859 587 912; x_wconf 85' lang='lat' dir='ltr'>fulsit</span> <span class='ocrx_word' id='word_1_35' title='bbox 596 860 624 913; x_wconf 91' lang='lat' dir='ltr'>in</span> <span class='ocrx_word' id='word_1_36' title='bbox 633 858 788 914; x_wconf 86' lang='lat' dir='ltr'>virtutibus.</span> <span class='ocrx_word' id='word_1_37' title='bbox 800 859 842 913; x_wconf 93' lang='lat' dir='ltr'>Ps.</span> <span class='ocrx_word' id='word_1_38' title='bbox 851 860 957 914; x_wconf 84' lang='lat' dir='ltr'>Exaudi</span> <span class='ocrx_word' id='word_1_39' title='bbox 967 861 1041 914; x_wconf 93' lang='lat' dir='ltr'>Deus</span> <span class='ocrx_word' id='word_1_40' title='bbox 1053 862 1214 916; x_wconf 86' lang='lat' dir='ltr'>orationem.</span> 
     </span>
    </p>

    <p class='ocr_par' dir='ltr' id='par_1_4' title="bbox 313 956 1578 1130">
     <span class='ocr_line' id='line_1_6' title="bbox 353 956 1578 1032; baseline 0.001 -19"><span class='ocrx_word' id='word_1_41' title='bbox 353 956 436 1014; x_wconf 80' lang='lat' dir='ltr'>ant.</span> <span class='ocrx_word' id='word_1_42' title='bbox 460 957 579 1023; x_wconf 85' lang='lat' dir='ltr'>Quidam</span> <span class='ocrx_word' id='word_1_43' title='bbox 597 959 725 1012; x_wconf 83' lang='lat' dir='ltr'>sacerdos</span> <span class='ocrx_word' id='word_1_44' title='bbox 745 960 846 1029; x_wconf 83' lang='lat' dir='ltr'>pedani</span> <span class='ocrx_word' id='word_1_45' title='bbox 869 975 1057 1028; x_wconf 89' lang='lat' dir='ltr'>manuumque</span> <span class='ocrx_word' id='word_1_46' title='bbox 1075 962 1197 1030; x_wconf 84' lang='lat' dir='ltr'>privatus</span> <span class='ocrx_word' id='word_1_47' title='bbox 1218 962 1309 1016; x_wconf 86' lang='lat' dir='ltr'>officio</span> <span class='ocrx_word' id='word_1_48' title='bbox 1329 964 1484 1032; x_wconf 90' lang='lat' dir='ltr'>aquodam</span> <span class='ocrx_word' id='word_1_49' title='bbox 1502 965 1578 1019; x_wconf 77' lang='lat' dir='ltr'>esto</span> 
     </span>
     <span class='ocr_line' id='line_1_7' title="bbox 313 1056 1543 1130; baseline 0.005 -20"><span class='ocrx_word' id='word_1_50' title='bbox 313 1057 435 1111; x_wconf 87' lang='lat' dir='ltr'>monitus</span> <span class='ocrx_word' id='word_1_51' title='bbox 448 1057 540 1125; x_wconf 79' lang='lat' dir='ltr'>ignoto</span> <span class='ocrx_word' id='word_1_52' title='bbox 553 1056 690 1110; x_wconf 90' lang='lat' dir='ltr'>medicum</span> <span class='ocrx_word' id='word_1_53' title='bbox 699 1057 833 1111; x_wconf 86' lang='lat' dir='ltr'>Judocunr</span> <span class='ocrx_word' id='word_1_54' title='bbox 844 1057 872 1111; x_wconf 89' lang='lat' dir='ltr'>iu</span> <span class='ocrx_word' id='word_1_55' title='bbox 881 1073 951 1126; x_wconf 79' lang='lat' dir='ltr'>pago</span> <span class='ocrx_word' id='word_1_56' title='bbox 960 1074 1082 1126; x_wconf 76' lang='lat' dir='ltr'>quarere</span> <span class='ocrx_word' id='word_1_57' title='bbox 1094 1058 1221 1113; x_wconf 83' lang='lat' dir='ltr'>Pontivo.</span> <span class='ocrx_word' id='word_1_58' title='bbox 1231 1060 1273 1114; x_wconf 86' lang='lat' dir='ltr'>Ps.</span> <span class='ocrx_word' id='word_1_59' title='bbox 1283 1060 1322 1114; x_wconf 89' lang='lat' dir='ltr'>Te</span> <span class='ocrx_word' id='word_1_60' title='bbox 1329 1061 1543 1130; x_wconf 79' lang='lat' dir='ltr'>decetbymnua</span> 
     </span>
    </p>

    <p class='ocr_par' dir='ltr' id='par_1_5' title="bbox 311 1154 1544 1422">
     <span class='ocr_line' id='line_1_8' title="bbox 355 1154 1543 1231; baseline 0.005 -19"><span class='ocrx_word' id='word_1_61' title='bbox 355 1154 437 1213; x_wconf 76' lang='lat' dir='ltr'>snt.</span> <span class='ocrx_word' id='word_1_62' title='bbox 464 1158 493 1211; x_wconf 92' lang='lat' dir='ltr'>ln</span> <span class='ocrx_word' id='word_1_63' title='bbox 507 1158 615 1211; x_wconf 90' lang='lat' dir='ltr'>deserto</span> <span class='ocrx_word' id='word_1_64' title='bbox 624 1162 736 1211; x_wconf 89' lang='lat' dir='ltr'>sanctus</span> <span class='ocrx_word' id='word_1_65' title='bbox 745 1156 795 1210; x_wconf 90' lang='lat' dir='ltr'>iste</span> <span class='ocrx_word' id='word_1_66' title='bbox 808 1158 947 1211; x_wconf 89' lang='lat' dir='ltr'>insecutus</span> <span class='ocrx_word' id='word_1_67' title='bbox 958 1163 1000 1213; x_wconf 89' lang='lat' dir='ltr'>est</span> <span class='ocrx_word' id='word_1_68' title='bbox 1014 1158 1139 1228; x_wconf 77' lang='lat' dir='ltr'>baptistae</span> <span class='ocrx_word' id='word_1_69' title='bbox 1147 1161 1259 1215; x_wconf 88' lang='lat' dir='ltr'>Domini</span> <span class='ocrx_word' id='word_1_70' title='bbox 1270 1162 1390 1231; x_wconf 67' lang='lat' dir='ltr'>vestigia,</span> <span class='ocrx_word' id='word_1_71' title='bbox 1402 1163 1450 1231; x_wconf 92' lang='lat' dir='ltr'>qui</span> <span class='ocrx_word' id='word_1_72' title='bbox 1461 1163 1543 1217; x_wconf 82' lang='lat' dir='ltr'>silva-</span> 
     </span>
     <span class='ocr_line' id='line_1_9' title="bbox 313 1256 1544 1326; baseline 0.006 -17"><span class='ocrx_word' id='word_1_73' title='bbox 313 1272 374 1310; x_wconf 88' lang='lat' dir='ltr'>rum</span> <span class='ocrx_word' id='word_1_74' title='bbox 388 1256 523 1309; x_wconf 83' lang='lat' dir='ltr'>radicibus</span> <span class='ocrx_word' id='word_1_75' title='bbox 544 1257 706 1311; x_wconf 79' lang='lat' dir='ltr'>vescebatur</span> <span class='ocrx_word' id='word_1_76' title='bbox 723 1273 772 1325; x_wconf 93' lang='lat' dir='ltr'>pro</span> <span class='ocrx_word' id='word_1_77' title='bbox 789 1257 905 1325; x_wconf 86' lang='lat' dir='ltr'>dapibus</span> <span class='ocrx_word' id='word_1_78' title='bbox 922 1261 985 1324; x_wconf 90' lang='lat' dir='ltr'>post</span> <span class='ocrx_word' id='word_1_79' title='bbox 1001 1256 1203 1326; x_wconf 74' lang='lat' dir='ltr'>longaJ&#39;ejuuia.</span> <span class='ocrx_word' id='word_1_80' title='bbox 1221 1258 1264 1312; x_wconf 88' lang='lat' dir='ltr'>Ps.</span> <span class='ocrx_word' id='word_1_81' title='bbox 1283 1259 1389 1317; x_wconf 88' lang='lat' dir='ltr'>Bonum</span> <span class='ocrx_word' id='word_1_82' title='bbox 1403 1265 1445 1315; x_wconf 90' lang='lat' dir='ltr'>est</span> <span class='ocrx_word' id='word_1_83' title='bbox 1462 1261 1544 1315; x_wconf 88' lang='lat' dir='ltr'>conii·</span> 
     </span>
     <span class='ocr_line' id='line_1_10' title="bbox 311 1355 427 1422; baseline 0 -12"><span class='ocrx_word' id='word_1_84' title='bbox 311 1356 363 1410; x_wconf 87' lang='lat' dir='ltr'>teri</span> <span class='ocrx_word' id='word_1_85' title='bbox 381 1355 427 1422; x_wconf 87' lang='lat'>(1).</span> 
     </span>
    </p>

    <p class='ocr_par' dir='ltr' id='par_1_6' title="bbox 311 1454 1596 1721">
     <span class='ocr_line' id='line_1_11' title="bbox 353 1454 1596 1528; baseline 0.003 -19"><span class='ocrx_word' id='word_1_86' title='bbox 353 1454 385 1519; x_wconf 63' lang='lat' dir='ltr'>li.</span> <span class='ocrx_word' id='word_1_87' title='bbox 409 1455 525 1511; x_wconf 83' lang='lat' dir='ltr'>Amator</span> <span class='ocrx_word' id='word_1_88' title='bbox 548 1454 711 1523; x_wconf 74' lang='lat' dir='ltr'>evangelicae</span> <span class='ocrx_word' id='word_1_89' title='bbox 740 1454 919 1508; x_wconf 88' lang='lat' dir='ltr'>institutionis</span> <span class='ocrx_word' id='word_1_90' title='bbox 943 1454 1071 1517; x_wconf 84' lang='lat' dir='ltr'>Judocns,</span> <span class='ocrx_word' id='word_1_91' title='bbox 1094 1459 1212 1524; x_wconf 88' lang='lat' dir='ltr'>quatuor</span> <span class='ocrx_word' id='word_1_92' title='bbox 1237 1457 1437 1524; x_wconf 80' lang='lat' dir='ltr'>quadrantibus</span> <span class='ocrx_word' id='word_1_93' title='bbox 1464 1458 1544 1528; x_wconf 86' lang='lat' dir='ltr'>panis</span> <span class='ocrx_word' id='word_1_94' title='bbox 1562 1459 1596 1508; x_wconf 83' lang='lat'>⁴⁰</span> 
     </span>
     <span class='ocr_line' id='line_1_12' title="bbox 311 1552 1544 1625; baseline 0.002 -17"><span class='ocrx_word' id='word_1_95' title='bbox 311 1559 430 1624; x_wconf 86' lang='lat' dir='ltr'>quatuor</span> <span class='ocrx_word' id='word_1_96' title='bbox 448 1553 614 1623; x_wconf 87' lang='lat' dir='ltr'>pauperibus</span> <span class='ocrx_word' id='word_1_97' title='bbox 633 1552 758 1622; x_wconf 79' lang='lat' dir='ltr'>erogatis,</span> <span class='ocrx_word' id='word_1_98' title='bbox 778 1556 897 1621; x_wconf 86' lang='lat' dir='ltr'>quatuor</span> <span class='ocrx_word' id='word_1_99' title='bbox 916 1568 1000 1606; x_wconf 87' lang='lat' dir='ltr'>naves</span> <span class='ocrx_word' id='word_1_100' title='bbox 1020 1552 1152 1607; x_wconf 88' lang='lat' dir='ltr'>alimonia</span> <span class='ocrx_word' id='word_1_101' title='bbox 1170 1554 1307 1607; x_wconf 81' lang='lat' dir='ltr'>confertas</span> <span class='ocrx_word' id='word_1_102' title='bbox 1325 1555 1439 1609; x_wconf 87' lang='lat' dir='ltr'>Deitatis</span> <span class='ocrx_word' id='word_1_103' title='bbox 1455 1555 1544 1625; x_wconf 71' lang='lat' dir='ltr'>gratia</span> 
     </span>
     <span class='ocr_line' id='line_1_13' title="bbox 312 1651 1510 1721; baseline 0.003 -16"><span class='ocrx_word' id='word_1_104' title='bbox 312 1653 422 1721; x_wconf 87' lang='lat' dir='ltr'>recepit.</span> <span class='ocrx_word' id='word_1_105' title='bbox 439 1652 471 1716; x_wconf 72' lang='lat' dir='ltr'>lt.</span> <span class='ocrx_word' id='word_1_106' title='bbox 494 1652 665 1721; x_wconf 82' lang='lat' dir='ltr'>inquirentes</span> <span class='ocrx_word' id='word_1_107' title='bbox 677 1657 768 1706; x_wconf 88' lang='lat' dir='ltr'>autem</span> <span class='ocrx_word' id='word_1_108' title='bbox 781 1651 932 1706; x_wconf 88' lang='lat' dir='ltr'>Dominum</span> <span class='ocrx_word' id='word_1_109' title='bbox 943 1668 1000 1706; x_wconf 90' lang='lat' dir='ltr'>non</span> <span class='ocrx_word' id='word_1_110' title='bbox 1012 1651 1140 1706; x_wconf 88' lang='lat' dir='ltr'>deficient</span> <span class='ocrx_word' id='word_1_111' title='bbox 1151 1653 1227 1706; x_wconf 91' lang='lat' dir='ltr'>omni</span> <span class='ocrx_word' id='word_1_112' title='bbox 1238 1653 1320 1707; x_wconf 88' lang='lat' dir='ltr'>bono.</span> <span class='ocrx_word' id='word_1_113' title='bbox 1334 1682 1363 1691; x_wconf 96' lang='lat'>-</span> <span class='ocrx_word' id='word_1_114' title='bbox 1377 1654 1510 1721; x_wconf 81' lang='lat' dir='ltr'>Quattuor.</span> 
     </span>
    </p>

    <p class='ocr_par' dir='ltr' id='par_1_7' title="bbox 310 1748 1595 2116">
     <span class='ocr_line' id='line_1_14' title="bbox 352 1748 1543 1819; baseline 0.003 -13"><span class='ocrx_word' id='word_1_115' title='bbox 352 1748 385 1813; x_wconf 63' lang='lat' dir='ltr'>ll.</span> <span class='ocrx_word' id='word_1_116' title='bbox 407 1751 517 1806; x_wconf 90' lang='lat' dir='ltr'>Orantis</span> <span class='ocrx_word' id='word_1_117' title='bbox 531 1750 617 1804; x_wconf 89' lang='lat' dir='ltr'>sancti</span> <span class='ocrx_word' id='word_1_118' title='bbox 637 1750 741 1804; x_wconf 89' lang='lat' dir='ltr'>meritis</span> <span class='ocrx_word' id='word_1_119' title='bbox 756 1749 895 1819; x_wconf 91' lang='lat' dir='ltr'>quondam</span> <span class='ocrx_word' id='word_1_120' title='bbox 920 1749 1011 1803; x_wconf 89' lang='lat' dir='ltr'>Deitas</span> <span class='ocrx_word' id='word_1_121' title='bbox 1031 1753 1144 1818; x_wconf 85' lang='lat' dir='ltr'>operata</span> <span class='ocrx_word' id='word_1_122' title='bbox 1166 1756 1207 1803; x_wconf 90' lang='lat' dir='ltr'>est</span> <span class='ocrx_word' id='word_1_123' title='bbox 1227 1751 1328 1804; x_wconf 88' lang='lat' dir='ltr'>mirum</span> <span class='ocrx_word' id='word_1_124' title='bbox 1341 1771 1347 1806; x_wconf 93' lang='lat'><strong>:</strong></span> <span class='ocrx_word' id='word_1_125' title='bbox 1362 1767 1427 1807; x_wconf 91' lang='lat' dir='ltr'>nam</span> <span class='ocrx_word' id='word_1_126' title='bbox 1451 1752 1543 1809; x_wconf 83' lang='lat' dir='ltr'>defixo</span> 
     </span>
     <span class='ocr_line' id='line_1_15' title="bbox 311 1846 1544 1918; baseline 0.001 -15"><span class='ocrx_word' id='word_1_127' title='bbox 311 1865 373 1904; x_wconf 90' lang='lat' dir='ltr'>cum</span> <span class='ocrx_word' id='word_1_128' title='bbox 386 1849 512 1918; x_wconf 90' lang='lat' dir='ltr'>precibus</span> <span class='ocrx_word' id='word_1_129' title='bbox 528 1849 557 1902; x_wconf 92' lang='lat' dir='ltr'>in</span> <span class='ocrx_word' id='word_1_130' title='bbox 574 1854 647 1901; x_wconf 87' lang='lat' dir='ltr'>terra</span> <span class='ocrx_word' id='word_1_131' title='bbox 663 1847 761 1902; x_wconf 92' lang='lat' dir='ltr'>baculo</span> <span class='ocrx_word' id='word_1_132' title='bbox 779 1846 881 1901; x_wconf 90' lang='lat' dir='ltr'>undam</span> <span class='ocrx_word' id='word_1_133' title='bbox 901 1846 988 1900; x_wconf 87' lang='lat' dir='ltr'>laticis</span> <span class='ocrx_word' id='word_1_134' title='bbox 1006 1847 1134 1916; x_wconf 84' lang='lat' dir='ltr'>produxit</span> <span class='ocrx_word' id='word_1_135' title='bbox 1152 1847 1291 1901; x_wconf 90' lang='lat' dir='ltr'>continuo.</span> <span class='ocrx_word' id='word_1_136' title='bbox 1309 1846 1339 1904; x_wconf 75' lang='grc'>0.</span> <span class='ocrx_word' id='word_1_137' title='bbox 1358 1847 1442 1918; x_wconf 86' lang='lat' dir='ltr'>Cujus</span> <span class='ocrx_word' id='word_1_138' title='bbox 1459 1850 1544 1904; x_wconf 78' lang='lat' dir='ltr'>tontis</span> 
     </span>
     <span class='ocr_line' id='line_1_16' title="bbox 310 1946 1595 2016; baseline -0.001 -16"><span class='ocrx_word' id='word_1_139' title='bbox 310 1949 432 2002; x_wconf 86' lang='lat' dir='ltr'>suavitas</span> <span class='ocrx_word' id='word_1_140' title='bbox 444 1948 605 2002; x_wconf 87' lang='lat' dir='ltr'>adsalutem</span> <span class='ocrx_word' id='word_1_141' title='bbox 616 1947 783 2000; x_wconf 89' lang='lat' dir='ltr'>credentium</span> <span class='ocrx_word' id='word_1_142' title='bbox 795 1951 938 2016; x_wconf 88' lang='lat' dir='ltr'>permanet</span> <span class='ocrx_word' id='word_1_143' title='bbox 949 1946 1121 2015; x_wconf 88' lang='lat' dir='ltr'>populorum.</span> <span class='ocrx_word' id='word_1_144' title='bbox 1133 1946 1244 1999; x_wconf 84' lang='lat' dir='ltr'>-Nam</span> <span class='ocrx_word' id='word_1_145' title='bbox 1256 1946 1354 2000; x_wconf 85' lang='lat' dir='ltr'>defixo.</span> <span class='ocrx_word' id='word_1_146' title='bbox 1367 1946 1460 2002; x_wconf 86' lang='lat' dir='ltr'>Gloria</span> <span class='ocrx_word' id='word_1_147' title='bbox 1469 1947 1544 2002; x_wconf 86' lang='lat' dir='ltr'>Patri</span> <span class='ocrx_word' id='word_1_148' title='bbox 1563 1951 1574 1999; x_wconf 92' lang='lat' dir='ltr'>l</span> <span class='ocrx_word' id='word_1_149' title='bbox 1581 1952 1595 1999; x_wconf 74' lang='grc'>5</span> 
     </span>
     <span class='ocr_line' id='line_1_17' title="bbox 311 2044 924 2116; baseline -0.002 -16"><span class='ocrx_word' id='word_1_150' title='bbox 311 2050 338 2100; x_wconf 92' lang='lat' dir='ltr'>et</span> <span class='ocrx_word' id='word_1_151' title='bbox 347 2046 415 2101; x_wconf 85' lang='lat' dir='ltr'>Filio</span> <span class='ocrx_word' id='word_1_152' title='bbox 429 2050 455 2101; x_wconf 92' lang='lat' dir='ltr'>et</span> <span class='ocrx_word' id='word_1_153' title='bbox 467 2047 578 2116; x_wconf 88' lang='lat' dir='ltr'>Spiritui</span> <span class='ocrx_word' id='word_1_154' title='bbox 591 2052 694 2101; x_wconf 84' lang='lat' dir='ltr'>sancte.</span> <span class='ocrx_word' id='word_1_155' title='bbox 703 2079 735 2087; x_wconf 91' lang='lat'>-·</span> <span class='ocrx_word' id='word_1_156' title='bbox 744 2044 812 2100; x_wconf 86' lang='lat' dir='ltr'>Nam</span> <span class='ocrx_word' id='word_1_157' title='bbox 825 2046 924 2099; x_wconf 87' lang='lat' dir='ltr'>defixo.</span> 
     </span>
    </p>

    <p class='ocr_par' dir='ltr' id='par_1_8' title="bbox 310 2142 1543 2313">
     <span class='ocr_line' id='line_1_18' title="bbox 352 2142 1543 2214; baseline 0.001 -14"><span class='ocrx_word' id='word_1_158' title='bbox 352 2144 384 2210; x_wconf 70' lang='lat' dir='ltr'>ll.</span> <span class='ocrx_word' id='word_1_159' title='bbox 407 2145 653 2214; x_wconf 89' lang='lat' dir='ltr'>Contemplationis</span> <span class='ocrx_word' id='word_1_160' title='bbox 663 2144 798 2198; x_wconf 90' lang='lat' dir='ltr'>dulcedini</span> <span class='ocrx_word' id='word_1_161' title='bbox 812 2144 946 2198; x_wconf 90' lang='lat' dir='ltr'>intentum</span> <span class='ocrx_word' id='word_1_162' title='bbox 959 2147 1070 2197; x_wconf 87' lang='lat' dir='ltr'>sanctus</span> <span class='ocrx_word' id='word_1_163' title='bbox 1087 2142 1203 2212; x_wconf 86' lang='lat' dir='ltr'>Spiritus</span> <span class='ocrx_word' id='word_1_164' title='bbox 1215 2144 1329 2214; x_wconf 84' lang='lat' dir='ltr'>replevit</span> <span class='ocrx_word' id='word_1_165' title='bbox 1339 2145 1483 2210; x_wconf 79' lang='lat' dir='ltr'>Judaeum,</span> <span class='ocrx_word' id='word_1_166' title='bbox 1494 2145 1543 2214; x_wconf 90' lang='lat' dir='ltr'>qni</span> 
     </span>
     <span class='ocr_line' id='line_1_19' title="bbox 310 2240 1543 2313; baseline -0.001 -14"><span class='ocrx_word' id='word_1_167' title='bbox 310 2249 338 2299; x_wconf 89' lang='lat' dir='ltr'>et</span> <span class='ocrx_word' id='word_1_168' title='bbox 349 2245 439 2299; x_wconf 89' lang='lat' dir='ltr'>locum</span> <span class='ocrx_word' id='word_1_169' title='bbox 454 2246 552 2299; x_wconf 73' lang='lat' dir='ltr'>futura»</span> <span class='ocrx_word' id='word_1_170' title='bbox 571 2242 670 2313; x_wconf 90' lang='lat' dir='ltr'>quietis</span> <span class='ocrx_word' id='word_1_171' title='bbox 682 2240 817 2312; x_wconf 69' lang='lat' dir='ltr'>prescivit</span> <span class='ocrx_word' id='word_1_172' title='bbox 836 2246 864 2295; x_wconf 93' lang='lat' dir='ltr'>et</span> <span class='ocrx_word' id='word_1_173' title='bbox 881 2240 1046 2311; x_wconf 66' lang='lat' dir='ltr'>praesciendo</span> <span class='ocrx_word' id='word_1_174' title='bbox 1065 2241 1165 2295; x_wconf 91' lang='lat' dir='ltr'>ibidem</span> <span class='ocrx_word' id='word_1_175' title='bbox 1185 2259 1214 2295; x_wconf 90' lang='lat' dir='ltr'>se</span> <span class='ocrx_word' id='word_1_176' title='bbox 1231 2259 1393 2296; x_wconf 86' lang='lat' dir='ltr'>mansurum</span> <span class='ocrx_word' id='word_1_177' title='bbox 1410 2242 1543 2312; x_wconf 69' lang='lat' dir='ltr'>praedixit.</span> 
     </span>
    </p>

    <p class='ocr_par' dir='ltr' id='par_1_9' title="bbox 309 2341 1594 2808">
     <span class='ocr_line' id='line_1_20' title="bbox 311 2341 1542 2413; baseline -0.002 -14"><span class='ocrx_word' id='word_1_178' title='bbox 311 2343 343 2408; x_wconf 72' lang='lat' dir='ltr'>ll.</span> <span class='ocrx_word' id='word_1_179' title='bbox 365 2347 430 2399; x_wconf 83' lang='lat' dir='ltr'>Haec</span> <span class='ocrx_word' id='word_1_180' title='bbox 441 2349 548 2413; x_wconf 81' lang='lat' dir='ltr'>requies</span> <span class='ocrx_word' id='word_1_181' title='bbox 560 2361 627 2410; x_wconf 84' lang='lat' dir='ltr'>meu,</span> <span class='ocrx_word' id='word_1_182' title='bbox 637 2342 733 2412; x_wconf 88' lang='lat' dir='ltr'>inquit,</span> <span class='ocrx_word' id='word_1_183' title='bbox 744 2345 775 2396; x_wconf 83' lang='lat' dir='ltr'>in</span> <span class='ocrx_word' id='word_1_184' title='bbox 783 2344 901 2396; x_wconf 81' lang='lat' dir='ltr'>seculum</span> <span class='ocrx_word' id='word_1_185' title='bbox 913 2343 1014 2406; x_wconf 55' lang='lat' dir='ltr'>secutu-</span> <span class='ocrx_word' id='word_1_186' title='bbox 1024 2341 1067 2394; x_wconf 78' lang='lat' dir='ltr'>lu‘c</span> <span class='ocrx_word' id='word_1_187' title='bbox 1077 2342 1209 2406; x_wconf 80' lang='lat' dir='ltr'>habitabo,</span> <span class='ocrx_word' id='word_1_188' title='bbox 1218 2345 1346 2409; x_wconf 80' lang='lat' dir='ltr'>quoniam</span> <span class='ocrx_word' id='word_1_189' title='bbox 1357 2344 1424 2410; x_wconf 79' lang='lat' dir='ltr'>slepi</span> <span class='ocrx_word' id='word_1_190' title='bbox 1434 2359 1542 2397; x_wconf 85' lang='lat' dir='ltr'>eum.-</span> 
     </span>
     <span class='ocr_line' id='line_1_21' title="bbox 310 2442 1594 2496; baseline 0 -1"><span class='ocrx_word' id='word_1_191' title='bbox 310 2442 423 2496; x_wconf 89' lang='lat' dir='ltr'>lbidem.</span> <span class='ocrx_word' id='word_1_192' title='bbox 1560 2443 1594 2495; x_wconf 76' lang='lat'>20</span> 
     </span>
     <span class='ocr_line' id='line_1_22' title="bbox 351 2535 1543 2609; baseline -0.001 -14"><span class='ocrx_word' id='word_1_193' title='bbox 351 2542 383 2608; x_wconf 68' lang='lat' dir='ltr'>D·</span> <span class='ocrx_word' id='word_1_194' title='bbox 405 2541 499 2595; x_wconf 87' lang='lat' dir='ltr'>Puella</span> <span class='ocrx_word' id='word_1_195' title='bbox 513 2542 639 2609; x_wconf 76' lang='lat' dir='ltr'>quaedam</span> <span class='ocrx_word' id='word_1_196' title='bbox 654 2540 796 2594; x_wconf 86' lang='lat' dir='ltr'>oculorum</span> <span class='ocrx_word' id='word_1_197' title='bbox 815 2541 876 2594; x_wconf 86' lang='lat' dir='ltr'>luce</span> <span class='ocrx_word' id='word_1_198' title='bbox 888 2535 1002 2608; x_wconf 85' lang='lat' dir='ltr'>privata,</span> <span class='ocrx_word' id='word_1_199' title='bbox 1019 2544 1114 2593; x_wconf 85' lang='lat' dir='ltr'>saneto</span> <span class='ocrx_word' id='word_1_200' title='bbox 1131 2540 1257 2604; x_wconf 89' lang='lat' dir='ltr'>adducta,</span> <span class='ocrx_word' id='word_1_201' title='bbox 1275 2557 1306 2594; x_wconf 89' lang='lat' dir='ltr'>ac</span> <span class='ocrx_word' id='word_1_202' title='bbox 1318 2557 1391 2608; x_wconf 89' lang='lat' dir='ltr'>aqua</span> <span class='ocrx_word' id='word_1_203' title='bbox 1402 2556 1457 2608; x_wconf 88' lang='lat' dir='ltr'>qua</span> <span class='ocrx_word' id='word_1_204' title='bbox 1469 2540 1543 2594; x_wconf 90' lang='lat' dir='ltr'>idem</span> 
     </span>
     <span class='ocr_line' id='line_1_23' title="bbox 310 2636 1543 2708; baseline -0.002 -13"><span class='ocrx_word' id='word_1_205' title='bbox 310 2641 382 2695; x_wconf 90' lang='lat' dir='ltr'>lotus</span> <span class='ocrx_word' id='word_1_206' title='bbox 394 2644 453 2693; x_wconf 87' lang='lat' dir='ltr'>erat</span> <span class='ocrx_word' id='word_1_207' title='bbox 466 2639 534 2692; x_wconf 86' lang='lat' dir='ltr'>iacie</span> <span class='ocrx_word' id='word_1_208' title='bbox 551 2637 654 2701; x_wconf 84' lang='lat' dir='ltr'>abluta,</span> <span class='ocrx_word' id='word_1_209' title='bbox 665 2637 763 2691; x_wconf 75' lang='lat' dir='ltr'>ridens</span> <span class='ocrx_word' id='word_1_210' title='bbox 774 2637 854 2691; x_wconf 90' lang='lat' dir='ltr'>rediit</span> <span class='ocrx_word' id='word_1_211' title='bbox 869 2638 904 2691; x_wconf 92' lang='lat' dir='ltr'>ad</span> <span class='ocrx_word' id='word_1_212' title='bbox 915 2636 1031 2707; x_wconf 90' lang='lat' dir='ltr'>propria.</span> <span class='ocrx_word' id='word_1_213' title='bbox 1048 2637 1081 2701; x_wconf 60' lang='grc' dir='ltr'>γ.</span> <span class='ocrx_word' id='word_1_214' title='bbox 1098 2638 1129 2691; x_wconf 91' lang='lat' dir='ltr'>ln</span> <span class='ocrx_word' id='word_1_215' title='bbox 1139 2638 1245 2692; x_wconf 87' lang='lat' dir='ltr'>somnis</span> <span class='ocrx_word' id='word_1_216' title='bbox 1256 2655 1375 2708; x_wconf 87' lang='lat' dir='ltr'>namque</span> <span class='ocrx_word' id='word_1_217' title='bbox 1387 2643 1418 2693; x_wconf 88' lang='lat' dir='ltr'>ut</span> <span class='ocrx_word' id='word_1_218' title='bbox 1430 2639 1543 2701; x_wconf 81' lang='lat' dir='ltr'>videret,</span> 
     </span>
     <span class='ocr_line' id='line_1_24' title="bbox 309 2736 1542 2808; baseline -0.002 -15"><span class='ocrx_word' id='word_1_219' title='bbox 309 2740 418 2808; x_wconf 91' lang='lat' dir='ltr'>sibique</span> <span class='ocrx_word' id='word_1_220' title='bbox 433 2739 542 2807; x_wconf 86' lang='lat' dir='ltr'>jussum</span> <span class='ocrx_word' id='word_1_221' title='bbox 554 2739 644 2791; x_wconf 85' lang='lat' dir='ltr'>iuerat</span> <span class='ocrx_word' id='word_1_222' title='bbox 662 2738 716 2792; x_wconf 91' lang='lat' dir='ltr'>tide</span> <span class='ocrx_word' id='word_1_223' title='bbox 732 2737 837 2791; x_wconf 90' lang='lat' dir='ltr'>munda</span> <span class='ocrx_word' id='word_1_224' title='bbox 854 2738 889 2791; x_wconf 89' lang='lat' dir='ltr'>ad</span> <span class='ocrx_word' id='word_1_225' title='bbox 906 2742 1031 2790; x_wconf 88' lang='lat' dir='ltr'>sanctum</span> <span class='ocrx_word' id='word_1_226' title='bbox 1044 2737 1176 2791; x_wconf 88' lang='lat' dir='ltr'>accedens</span> <span class='ocrx_word' id='word_1_227' title='bbox 1196 2737 1375 2791; x_wconf 85' lang='lat' dir='ltr'>sacerdotem.</span> <span class='ocrx_word' id='word_1_228' title='bbox 1385 2765 1417 2775; x_wconf 97' lang='lat'><em>-</em></span> <span class='ocrx_word' id='word_1_229' title='bbox 1432 2736 1542 2791; x_wconf 83' lang='lat' dir='ltr'>Videns</span> 
     </span>
    </p>

    <p class='ocr_par' dir='ltr' id='par_1_10' title="bbox 309 2835 1043 2906">
     <span class='ocr_line' id='line_1_25' title="bbox 309 2835 1043 2906; baseline -0.004 -13"><span class='ocrx_word' id='word_1_230' title='bbox 309 2838 402 2893; x_wconf 85' lang='lat' dir='ltr'>Gloria</span> <span class='ocrx_word' id='word_1_231' title='bbox 415 2838 487 2892; x_wconf 89' lang='lat' dir='ltr'>Patri</span> <span class='ocrx_word' id='word_1_232' title='bbox 498 2843 526 2892; x_wconf 92' lang='lat' dir='ltr'>et</span> <span class='ocrx_word' id='word_1_233' title='bbox 537 2837 606 2891; x_wconf 78' lang='lat' dir='ltr'>Filio</span> <span class='ocrx_word' id='word_1_234' title='bbox 619 2841 646 2890; x_wconf 92' lang='lat' dir='ltr'>et</span> <span class='ocrx_word' id='word_1_235' title='bbox 655 2836 767 2906; x_wconf 88' lang='lat' dir='ltr'>Spiritui</span> <span class='ocrx_word' id='word_1_236' title='bbox 779 2840 882 2890; x_wconf 90' lang='lat' dir='ltr'>sancto.</span> <span class='ocrx_word' id='word_1_237' title='bbox 892 2863 924 2872; x_wconf 94' lang='lat'>-</span> <span class='ocrx_word' id='word_1_238' title='bbox 934 2835 1043 2891; x_wconf 87' lang='lat' dir='ltr'>Videns.</span> 
     </span>
    </p>
   </div>
   <div class='ocr_carea' id='block_1_3' title="bbox 806 3020 1592 3085">
    <p class='ocr_par' dir='ltr' id='par_1_11' title="bbox 806 3020 1592 3085">
     <span class='ocr_line' id='line_1_26' title="bbox 806 3020 1592 3085; baseline 0.006 -5"><span class='ocrx_word' id='word_1_239' title='bbox 806 3021 862 3080; x_wconf 77' lang='lat' dir='ltr'>Ad</span> <span class='ocrx_word' id='word_1_240' title='bbox 883 3020 1039 3081; x_wconf 82' lang='lat' dir='ltr'>cantica.</span> <span class='ocrx_word' id='word_1_241' title='bbox 1561 3035 1592 3085; x_wconf 79' lang='lat' dir='ltr'>aa</span> 
     </span>
    </p>
   </div>
   <div class='ocr_carea' id='block_1_4' title="bbox 308 3178 1590 3647">
    <p class='ocr_par' dir='ltr' id='par_1_12' title="bbox 308 3178 1543 3450">
     <span class='ocr_line' id='line_1_27' title="bbox 349 3178 1542 3252; baseline -0.007 -11"><span class='ocrx_word' id='word_1_242' title='bbox 349 3181 431 3241; x_wconf 79' lang='lat' dir='ltr'>ant.</span> <span class='ocrx_word' id='word_1_243' title='bbox 454 3183 609 3251; x_wconf 68' lang='lat' dir='ltr'>assumptis</span> <span class='ocrx_word' id='word_1_244' title='bbox 630 3181 722 3252; x_wconf 85' lang='lat' dir='ltr'>itaque</span> <span class='ocrx_word' id='word_1_245' title='bbox 740 3197 832 3236; x_wconf 88' lang='lat' dir='ltr'>secum</span> <span class='ocrx_word' id='word_1_246' title='bbox 852 3181 998 3235; x_wconf 88' lang='lat' dir='ltr'>comitibus</span> <span class='ocrx_word' id='word_1_247' title='bbox 1019 3179 1053 3233; x_wconf 92' lang='lat' dir='ltr'>ad</span> <span class='ocrx_word' id='word_1_248' title='bbox 1071 3179 1237 3248; x_wconf 87' lang='lat' dir='ltr'>imperatum</span> <span class='ocrx_word' id='word_1_249' title='bbox 1254 3180 1365 3233; x_wconf 87' lang='lat' dir='ltr'>devenit</span> <span class='ocrx_word' id='word_1_250' title='bbox 1380 3178 1482 3245; x_wconf 88' lang='lat' dir='ltr'>locnrn,</span> <span class='ocrx_word' id='word_1_251' title='bbox 1494 3179 1542 3234; x_wconf 90' lang='lat' dir='ltr'>ubi</span> 
     </span>
     <span class='ocr_line' id='line_1_28' title="bbox 309 3277 1543 3336; baseline -0.002 0"><span class='ocrx_word' id='word_1_252' title='bbox 309 3282 426 3336; x_wconf 90' lang='lat' dir='ltr'>orationi</span> <span class='ocrx_word' id='word_1_253' title='bbox 443 3282 600 3336; x_wconf 87' lang='lat' dir='ltr'>diutissime</span> <span class='ocrx_word' id='word_1_254' title='bbox 612 3280 773 3334; x_wconf 87' lang='lat' dir='ltr'>incumbens</span> <span class='ocrx_word' id='word_1_255' title='bbox 792 3278 897 3333; x_wconf 89' lang='lat' dir='ltr'>meritis</span> <span class='ocrx_word' id='word_1_256' title='bbox 913 3278 1000 3332; x_wconf 90' lang='lat' dir='ltr'>sancti</span> <span class='ocrx_word' id='word_1_257' title='bbox 1016 3278 1133 3332; x_wconf 84' lang='lat' dir='ltr'>surrexit</span> <span class='ocrx_word' id='word_1_258' title='bbox 1149 3277 1301 3333; x_wconf 88' lang='lat' dir='ltr'>incolumis.</span> <span class='ocrx_word' id='word_1_259' title='bbox 1319 3278 1364 3332; x_wconf 86' lang='lat' dir='ltr'>Cc.</span> <span class='ocrx_word' id='word_1_260' title='bbox 1382 3279 1484 3333; x_wconf 89' lang='lat' dir='ltr'>Beatus</span> <span class='ocrx_word' id='word_1_261' title='bbox 1500 3279 1543 3333; x_wconf 84' lang='lat' dir='ltr'>rir</span> 
     </span>
     <span class='ocr_line' id='line_1_29' title="bbox 308 3381 620 3450; baseline -0.003 -15"><span class='ocrx_word' id='word_1_262' title='bbox 308 3382 355 3450; x_wconf 89' lang='lat' dir='ltr'>qui</span> <span class='ocrx_word' id='word_1_263' title='bbox 369 3381 493 3450; x_wconf 79' lang='lat' dir='ltr'>intelligit</span> <span class='ocrx_word' id='word_1_264' title='bbox 505 3398 586 3450; x_wconf 87' lang='lat' dir='ltr'>super</span> <span class='ocrx_word' id='word_1_265' title='bbox 598 3382 620 3434; x_wconf 79' lang='lat'>*.</span> 
     </span>
    </p>

    <p class='ocr_par' dir='ltr' id='par_1_13' title="bbox 308 3471 1590 3647">
     <span class='ocr_line' id='line_1_30' title="bbox 351 3471 1542 3555; baseline -0.004 -22"><span class='ocrx_word' id='word_1_266' title='bbox 351 3471 410 3555; x_wconf 54' lang='grc' dir='ltr'>[ᾗ.</span> <span class='ocrx_word' id='word_1_267' title='bbox 432 3479 585 3534; x_wconf 86' lang='lat' dir='ltr'>Audaciam</span> <span class='ocrx_word' id='word_1_268' title='bbox 596 3477 672 3532; x_wconf 89' lang='lat' dir='ltr'>ducis</span> <span class='ocrx_word' id='word_1_269' title='bbox 684 3478 743 3547; x_wconf 84' lang='lat' dir='ltr'>ejus</span> <span class='ocrx_word' id='word_1_270' title='bbox 755 3477 960 3546; x_wconf 77' lang='lat' dir='ltr'>integerrimum</span> <span class='ocrx_word' id='word_1_271' title='bbox 974 3489 1072 3542; x_wconf 91' lang='lat' dir='ltr'>corpus</span> <span class='ocrx_word' id='word_1_272' title='bbox 1088 3473 1181 3527; x_wconf 84' lang='lat' dir='ltr'>videre</span> <span class='ocrx_word' id='word_1_273' title='bbox 1194 3474 1325 3537; x_wconf 89' lang='lat' dir='ltr'>conantis,</span> <span class='ocrx_word' id='word_1_274' title='bbox 1334 3473 1430 3528; x_wconf 92' lang='lat' dir='ltr'>usibus</span> <span class='ocrx_word' id='word_1_275' title='bbox 1442 3474 1542 3528; x_wconf 90' lang='lat' dir='ltr'>ablatis</span> 
     </span>
     <span class='ocr_line' id='line_1_31' title="bbox 308 3568 1590 3647; baseline -0.002 -15"><span class='ocrx_word' id='word_1_276' title='bbox 308 3577 407 3647; x_wconf 76' lang='lat' dir='ltr'>lingum</span> <span class='ocrx_word' id='word_1_277' title='bbox 430 3581 458 3631; x_wconf 88' lang='lat' dir='ltr'>et</span> <span class='ocrx_word' id='word_1_278' title='bbox 482 3575 599 3640; x_wconf 90' lang='lat' dir='ltr'>aurium,</span> <span class='ocrx_word' id='word_1_279' title='bbox 621 3574 793 3629; x_wconf 83' lang='lat' dir='ltr'>venerandus</span> <span class='ocrx_word' id='word_1_280' title='bbox 811 3579 889 3642; x_wconf 90' lang='lat' dir='ltr'>pater</span> <span class='ocrx_word' id='word_1_281' title='bbox 908 3570 1083 3640; x_wconf 84' lang='lat' dir='ltr'>compescuit</span> <span class='ocrx_word' id='word_1_282' title='bbox 1102 3568 1133 3635; x_wconf 66' lang='grc'>0.</span> <span class='ocrx_word' id='word_1_283' title='bbox 1153 3569 1270 3624; x_wconf 91' lang='lat' dir='ltr'>Videbat</span> <span class='ocrx_word' id='word_1_284' title='bbox 1293 3575 1321 3623; x_wconf 90' lang='lat' dir='ltr'>et</span> <span class='ocrx_word' id='word_1_285' title='bbox 1344 3571 1518 3625; x_wconf 83' lang='lat' dir='ltr'>exclamabat</span> <span class='ocrx_word' id='word_1_286' title='bbox 1535 3591 1543 3626; x_wconf 75' lang='grc' dir='ltr'><strong><em>ε</em></strong></span> <span class='ocrx_word' id='word_1_287' title='bbox 1560 3575 1590 3629; x_wconf 84' lang='grc'>30</span> 
     </span>
    </p>
   </div>
   <div class='ocr_carea' id='block_1_5' title="bbox 191 3667 1542 3830">
    <p class='ocr_par' dir='ltr' id='par_1_14' title="bbox 191 3667 1542 3830">
     <span class='ocr_line' id='line_1_32' title="bbox 191 3667 1542 3753; baseline -0.007 -22"><span class='ocrx_word' id='word_1_288' title='bbox 191 3675 218 3753; x_wconf 50' lang='lat'>2·</span> <span class='ocrx_word' id='word_1_289' title='bbox 310 3678 362 3731; x_wconf 79' lang='lat' dir='ltr'>A*</span> <span class='ocrx_word' id='word_1_290' title='bbox 378 3679 488 3730; x_wconf 82' lang='lat' dir='ltr'>Judoce.</span> <span class='ocrx_word' id='word_1_291' title='bbox 500 3704 532 3715; x_wconf 92' lang='lat'>-</span> <span class='ocrx_word' id='word_1_292' title='bbox 547 3676 631 3743; x_wconf 82' lang='lat' dir='ltr'>Cujus</span> <span class='ocrx_word' id='word_1_293' title='bbox 650 3690 716 3728; x_wconf 86' lang='lat' dir='ltr'>mox</span> <span class='ocrx_word' id='word_1_294' title='bbox 733 3671 877 3728; x_wconf 90' lang='lat' dir='ltr'>audaciam</span> <span class='ocrx_word' id='word_1_295' title='bbox 889 3673 911 3726; x_wconf 79' lang='lat'>*.</span> <span class='ocrx_word' id='word_1_296' title='bbox 923 3671 1031 3726; x_wconf 88' lang='lat' dir='ltr'>Usibus.</span> <span class='ocrx_word' id='word_1_297' title='bbox 1054 3670 1147 3725; x_wconf 86' lang='lat' dir='ltr'>Gloria</span> <span class='ocrx_word' id='word_1_298' title='bbox 1166 3669 1241 3724; x_wconf 91' lang='lat' dir='ltr'>Patri</span> <span class='ocrx_word' id='word_1_299' title='bbox 1260 3672 1288 3722; x_wconf 91' lang='lat' dir='ltr'>et</span> <span class='ocrx_word' id='word_1_300' title='bbox 1309 3668 1376 3723; x_wconf 83' lang='lat' dir='ltr'>Filio</span> <span class='ocrx_word' id='word_1_301' title='bbox 1389 3673 1420 3723; x_wconf 85' lang='lat' dir='ltr'>et</span> <span class='ocrx_word' id='word_1_302' title='bbox 1430 3667 1542 3738; x_wconf 87' lang='lat' dir='ltr'>Spiritui</span> 
     </span>
     <span class='ocr_line' id='line_1_33' title="bbox 212 3773 580 3830; baseline -0.005 -1"><span class='ocrx_word' id='word_1_303' title='bbox 212 3779 218 3791; x_wconf 96' lang='lat'>&#39;</span> <span class='ocrx_word' id='word_1_304' title='bbox 308 3778 456 3830; x_wconf 73' lang='lat' dir='ltr'>sancto-</span> <span class='ocrx_word' id='word_1_305' title='bbox 471 3773 580 3828; x_wconf 87' lang='lat' dir='ltr'>Usibus.</span> 
     </span>
    </p>
   </div>
   <div class='ocr_carea' id='block_1_6' title="bbox 308 3867 1544 4038">
    <p class='ocr_par' dir='ltr' id='par_1_15' title="bbox 308 3867 1544 4038">
     <span class='ocr_line' id='line_1_34' title="bbox 349 3867 1544 3943; baseline -0.004 -15"><span class='ocrx_word' id='word_1_306' title='bbox 349 3873 380 3939; x_wconf 74' lang='lat' dir='ltr'>u.</span> <span class='ocrx_word' id='word_1_307' title='bbox 404 3873 500 3942; x_wconf 69' lang='lat' dir='ltr'>ltaque</span> <span class='ocrx_word' id='word_1_308' title='bbox 518 3877 596 3943; x_wconf 88' lang='lat' dir='ltr'>pater</span> <span class='ocrx_word' id='word_1_309' title='bbox 606 3871 718 3935; x_wconf 85' lang='lat' dir='ltr'>Judoce,</span> <span class='ocrx_word' id='word_1_310' title='bbox 729 3886 840 3925; x_wconf 89' lang='lat' dir='ltr'>summo</span> <span class='ocrx_word' id='word_1_311' title='bbox 855 3868 928 3924; x_wconf 89' lang='lat' dir='ltr'>Patri</span> <span class='ocrx_word' id='word_1_312' title='bbox 940 3868 1071 3938; x_wconf 85' lang='lat' dir='ltr'>proxime,</span> <span class='ocrx_word' id='word_1_313' title='bbox 1080 3867 1249 3931; x_wconf 89' lang='lat' dir='ltr'>admiranda,</span> <span class='ocrx_word' id='word_1_314' title='bbox 1259 3882 1313 3934; x_wconf 92' lang='lat' dir='ltr'>qua</span> <span class='ocrx_word' id='word_1_315' title='bbox 1325 3867 1459 3935; x_wconf 73' lang='lat' dir='ltr'>praecellis</span> <span class='ocrx_word' id='word_1_316' title='bbox 1469 3869 1544 3937; x_wconf 88' lang='lat' dir='ltr'>apud</span> 
     </span>
     <span class='ocr_line' id='line_1_35' title="bbox 308 3952 1544 4038; baseline -0.005 -13"><span class='ocrx_word' id='word_1_317' title='bbox 308 3986 380 4034; x_wconf 89' lang='lat' dir='ltr'>eum,</span> <span class='ocrx_word' id='word_1_318' title='bbox 398 3970 523 4038; x_wconf 73' lang='lat' dir='ltr'>gratias</span> <span class='ocrx_word' id='word_1_319' title='bbox 544 3967 699 4023; x_wconf 86' lang='lat' dir='ltr'>commissis</span> <span class='ocrx_word' id='word_1_320' title='bbox 710 3983 761 4021; x_wconf 89' lang='lat' dir='ltr'>nos</span> <span class='ocrx_word' id='word_1_321' title='bbox 777 3967 937 4031; x_wconf 86' lang='lat' dir='ltr'>emundans,</span> <span class='ocrx_word' id='word_1_322' title='bbox 955 3982 990 4019; x_wconf 87' lang='lat' dir='ltr'>ne</span> <span class='ocrx_word' id='word_1_323' title='bbox 1001 3965 1133 4019; x_wconf 88' lang='lat' dir='ltr'>cadamus</span> <span class='ocrx_word' id='word_1_324' title='bbox 1145 3963 1256 4017; x_wconf 90' lang='lat' dir='ltr'>sustine.</span> <span class='ocrx_word' id='word_1_325' title='bbox 1274 3961 1305 4025; x_wconf 73' lang='lat' dir='ltr'>ll.</span> <span class='ocrx_word' id='word_1_326' title='bbox 1323 3962 1391 4018; x_wconf 89' lang='lat' dir='ltr'>Nam</span> <span class='ocrx_word' id='word_1_327' title='bbox 1404 3952 1544 4020; x_wconf 65' lang='lat' dir='ltr'>credimus</span> 
     </span>
    </p>
   </div>
   <div class='ocr_carea' id='block_1_7' title="bbox 307 4024 1595 4423">
    <p class='ocr_par' dir='ltr' id='par_1_16' title="bbox 307 4024 1595 4229">
     <span class='ocr_line' id='line_1_36' title="bbox 307 4024 1595 4135; baseline -0.007 -16"><span class='ocrx_word' id='word_1_328' title='bbox 307 4065 362 4122; x_wconf 89' lang='lat' dir='ltr'>tuis</span> <span class='ocrx_word' id='word_1_329' title='bbox 373 4066 500 4135; x_wconf 88' lang='lat' dir='ltr'>precibus</span> <span class='ocrx_word' id='word_1_330' title='bbox 516 4082 566 4119; x_wconf 93' lang='lat' dir='ltr'>nos</span> <span class='ocrx_word' id='word_1_331' title='bbox 578 4081 659 4135; x_wconf 87' lang='lat' dir='ltr'>posse</span> <span class='ocrx_word' id='word_1_332' title='bbox 672 4064 781 4118; x_wconf 88' lang='lat' dir='ltr'>salvari.</span> <span class='ocrx_word' id='word_1_333' title='bbox 793 4092 824 4100; x_wconf 98' lang='lat'>-</span> <span class='ocrx_word' id='word_1_334' title='bbox 836 4063 860 4116; x_wconf 86' lang='grc' dir='ltr'><strong>Α</strong></span> <span class='ocrx_word' id='word_1_335' title='bbox 872 4061 1034 4116; x_wconf 90' lang='lat' dir='ltr'>commissis.</span> <span class='ocrx_word' id='word_1_336' title='bbox 1432 4024 1438 4092; x_wconf 62' lang='lat' dir='ltr'>l</span> <span class='ocrx_word' id='word_1_337' title='bbox 1563 4071 1595 4123; x_wconf 70' lang='lat'>35</span> 
     </span>
     <span class='ocr_line' id='line_1_37' title="bbox 348 4101 1547 4229; baseline -0.005 -11"><span class='ocrx_word' id='word_1_338' title='bbox 348 4162 380 4229; x_wconf 63' lang='lat' dir='ltr'>lb.</span> <span class='ocrx_word' id='word_1_339' title='bbox 403 4163 549 4218; x_wconf 80' lang='lat' dir='ltr'>Confessor</span> <span class='ocrx_word' id='word_1_340' title='bbox 567 4161 616 4215; x_wconf 91' lang='lat' dir='ltr'>Dei</span> <span class='ocrx_word' id='word_1_341' title='bbox 637 4161 765 4226; x_wconf 78' lang='lat' dir='ltr'>iudaeus,</span> <span class='ocrx_word' id='word_1_342' title='bbox 781 4159 867 4213; x_wconf 91' lang='lat' dir='ltr'>nobili</span> <span class='ocrx_word' id='word_1_343' title='bbox 884 4159 1013 4229; x_wconf 75' lang='lat' dir='ltr'>progenie</span> <span class='ocrx_word' id='word_1_344' title='bbox 1029 4157 1149 4212; x_wconf 88' lang='lat' dir='ltr'>nobilior</span> <span class='ocrx_word' id='word_1_345' title='bbox 1165 4157 1298 4220; x_wconf 90' lang='lat' dir='ltr'>moribus,</span> <span class='ocrx_word' id='word_1_346' title='bbox 1315 4156 1350 4210; x_wconf 88' lang='lat' dir='ltr'>ab</span> <span class='ocrx_word' id='word_1_347' title='bbox 1367 4101 1547 4227; x_wconf 65' lang='lat' dir='ltr'>ipsolpuerili</span> 
     </span>
    </p>

    <p class='ocr_par' dir='ltr' id='par_1_17' title="bbox 308 4253 1548 4325">
     <span class='ocr_line' id='line_1_38' title="bbox 308 4253 1548 4325; baseline -0.004 -11"><span class='ocrx_word' id='word_1_348' title='bbox 308 4277 368 4315; x_wconf 74' lang='lat' dir='ltr'>avo</span> <span class='ocrx_word' id='word_1_349' title='bbox 380 4265 490 4314; x_wconf 90' lang='lat' dir='ltr'>secutus</span> <span class='ocrx_word' id='word_1_350' title='bbox 502 4258 652 4311; x_wconf 88' lang='lat' dir='ltr'>Dominum</span> <span class='ocrx_word' id='word_1_351' title='bbox 665 4256 780 4325; x_wconf 79' lang='lat' dir='ltr'>gloriam</span> <span class='ocrx_word' id='word_1_352' title='bbox 794 4255 890 4310; x_wconf 77' lang='lat' dir='ltr'>mundi</span> <span class='ocrx_word' id='word_1_353' title='bbox 900 4255 1003 4325; x_wconf 85' lang='lat' dir='ltr'>sprevit</span> <span class='ocrx_word' id='word_1_354' title='bbox 1013 4271 1045 4308; x_wconf 84' lang='lat' dir='ltr'>aa</span> <span class='ocrx_word' id='word_1_355' title='bbox 1057 4254 1141 4324; x_wconf 90' lang='lat' dir='ltr'>patris</span> <span class='ocrx_word' id='word_1_356' title='bbox 1156 4253 1285 4323; x_wconf 76' lang='lat' dir='ltr'>regimen.</span> <span class='ocrx_word' id='word_1_357' title='bbox 1296 4255 1329 4319; x_wconf 60' lang='grc' dir='ltr'>γ.</span> <span class='ocrx_word' id='word_1_358' title='bbox 1342 4256 1407 4310; x_wconf 90' lang='lat' dir='ltr'>ldeo</span> <span class='ocrx_word' id='word_1_359' title='bbox 1419 4274 1435 4310; x_wconf 93' lang='lat' dir='ltr'>a</span> <span class='ocrx_word' id='word_1_360' title='bbox 1472 4254 1548 4310; x_wconf 90' lang='lat' dir='ltr'>omni</span> 
     </span>
    </p>

    <p class='ocr_par' dir='ltr' id='par_1_18' title="bbox 308 4352 1549 4423">
     <span class='ocr_line' id='line_1_39' title="bbox 308 4352 1549 4423; baseline -0.004 -12"><span class='ocrx_word' id='word_1_361' title='bbox 308 4356 385 4411; x_wconf 91' lang='lat' dir='ltr'>clade</span> <span class='ocrx_word' id='word_1_362' title='bbox 402 4356 553 4410; x_wconf 87' lang='lat' dir='ltr'>liberantur</span> <span class='ocrx_word' id='word_1_363' title='bbox 573 4354 622 4423; x_wconf 91' lang='lat' dir='ltr'>qui</span> <span class='ocrx_word' id='word_1_364' title='bbox 641 4369 675 4408; x_wconf 85' lang='lat' dir='ltr'>ex</span> <span class='ocrx_word' id='word_1_365' title='bbox 691 4357 750 4408; x_wconf 91' lang='lat' dir='ltr'>toto</span> <span class='ocrx_word' id='word_1_366' title='bbox 770 4352 852 4407; x_wconf 88' lang='lat' dir='ltr'>corde</span> <span class='ocrx_word' id='word_1_367' title='bbox 871 4358 997 4422; x_wconf 74' lang='lat' dir='ltr'>quarunt</span> <span class='ocrx_word' id='word_1_368' title='bbox 1017 4352 1102 4407; x_wconf 91' lang='lat' dir='ltr'>illum.</span> <span class='ocrx_word' id='word_1_369' title='bbox 1114 4352 1201 4406; x_wconf 78' lang='lat' dir='ltr'>-Ab</span> <span class='ocrx_word' id='word_1_370' title='bbox 1221 4353 1288 4422; x_wconf 94' lang='lat' dir='ltr'>ipso.</span> <span class='ocrx_word' id='word_1_371' title='bbox 1309 4354 1401 4409; x_wconf 92' lang='lat' dir='ltr'>Gloria</span> <span class='ocrx_word' id='word_1_372' title='bbox 1421 4355 1446 4408; x_wconf 84' lang='lat' dir='ltr'>P.</span> <span class='ocrx_word' id='word_1_373' title='bbox 1469 4352 1503 4408; x_wconf 92' lang='lat' dir='ltr'>tri</span> <span class='ocrx_word' id='word_1_374' title='bbox 1521 4357 1549 4406; x_wconf 90' lang='lat' dir='ltr'>et</span> 
     </span>
    </p>
   </div>
   <div class='ocr_carea' id='block_1_8' title="bbox 308 4452 834 4523">
    <p class='ocr_par' dir='ltr' id='par_1_19' title="bbox 308 4452 834 4523">
     <span class='ocr_line' id='line_1_40' title="bbox 308 4452 834 4523; baseline -0.008 -14"><span class='ocrx_word' id='word_1_375' title='bbox 308 4455 376 4509; x_wconf 84' lang='lat' dir='ltr'>Filio</span> <span class='ocrx_word' id='word_1_376' title='bbox 389 4460 416 4509; x_wconf 92' lang='lat' dir='ltr'>et</span> <span class='ocrx_word' id='word_1_377' title='bbox 427 4454 539 4523; x_wconf 86' lang='lat' dir='ltr'>Spiritui</span> <span class='ocrx_word' id='word_1_378' title='bbox 552 4458 655 4507; x_wconf 89' lang='lat' dir='ltr'>sancto.</span> <span class='ocrx_word' id='word_1_379' title='bbox 668 4480 699 4492; x_wconf 93' lang='lat'><em>-</em></span> <span class='ocrx_word' id='word_1_380' title='bbox 711 4452 754 4506; x_wconf 80' lang='lat' dir='ltr'>Ab</span> <span class='ocrx_word' id='word_1_381' title='bbox 766 4453 834 4521; x_wconf 91' lang='lat' dir='ltr'>ipso.</span> 
     </span>
    </p>
   </div>
   <div class='ocr_carea' id='block_1_9' title="bbox 306 4616 1557 4772">
    <p class='ocr_par' dir='ltr' id='par_1_20' title="bbox 306 4616 1557 4772">
     <span class='ocr_line' id='line_1_41' title="bbox 338 4616 1419 4688; baseline -0.006 -14"><span class='ocrx_word' id='word_1_382' title='bbox 338 4621 377 4687; x_wconf 90' lang='grc'>(1)</span> <span class='ocrx_word' id='word_1_383' title='bbox 395 4619 453 4674; x_wconf 88' lang='lat' dir='ltr'>Fol.</span> <span class='ocrx_word' id='word_1_384' title='bbox 467 4620 528 4673; x_wconf 81' lang='lat' dir='ltr'>1le</span> <span class='ocrx_word' id='word_1_385' title='bbox 539 4620 619 4687; x_wconf 84' lang='lat' dir='ltr'>juxta</span> <span class='ocrx_word' id='word_1_386' title='bbox 631 4619 704 4672; x_wconf 89' lang='lat' dir='ltr'>hanc</span> <span class='ocrx_word' id='word_1_387' title='bbox 722 4617 912 4688; x_wconf 87' lang='lat' dir='ltr'>antiphonam,</span> <span class='ocrx_word' id='word_1_388' title='bbox 930 4635 991 4687; x_wconf 75' lang='lat' dir='ltr'>qua</span> <span class='ocrx_word' id='word_1_389' title='bbox 1007 4617 1098 4686; x_wconf 88' lang='lat' dir='ltr'>posita</span> <span class='ocrx_word' id='word_1_390' title='bbox 1114 4616 1166 4671; x_wconf 84' lang='lat' dir='ltr'>fuit</span> <span class='ocrx_word' id='word_1_391' title='bbox 1180 4619 1269 4687; x_wconf 87' lang='lat' dir='ltr'>primo</span> <span class='ocrx_word' id='word_1_392' title='bbox 1287 4618 1419 4681; x_wconf 68' lang='lat' dir='ltr'>incusari</span> 
     </span>
     <span class='ocr_line' id='line_1_42' title="bbox 306 4702 1557 4772; baseline -0.002 -16"><span class='ocrx_word' id='word_1_393' title='bbox 306 4719 402 4772; x_wconf 81' lang='lat' dir='ltr'>seqq:</span> <span class='ocrx_word' id='word_1_394' title='bbox 424 4703 476 4756; x_wconf 82' lang='lat' dir='ltr'>Sed</span> <span class='ocrx_word' id='word_1_395' title='bbox 491 4705 546 4756; x_wconf 85' lang='lat' dir='ltr'>ista</span> <span class='ocrx_word' id='word_1_396' title='bbox 563 4704 659 4771; x_wconf 83' lang='lat' dir='ltr'>primu</span> <span class='ocrx_word' id='word_1_397' title='bbox 677 4703 827 4770; x_wconf 72' lang='lat' dir='ltr'>antiphona</span> <span class='ocrx_word' id='word_1_398' title='bbox 847 4708 885 4755; x_wconf 80' lang='lat' dir='ltr'>est</span> <span class='ocrx_word' id='word_1_399' title='bbox 904 4702 1001 4755; x_wconf 81' lang='lat' dir='ltr'>ultima</span> <span class='ocrx_word' id='word_1_400' title='bbox 1018 4702 1167 4770; x_wconf 78' lang='lat' dir='ltr'>antiphona</span> <span class='ocrx_word' id='word_1_401' title='bbox 1185 4703 1216 4755; x_wconf 85' lang='lat' dir='ltr'>de</span> <span class='ocrx_word' id='word_1_402' title='bbox 1236 4703 1268 4755; x_wconf 85' lang='lat'>11</span> <span class='ocrx_word' id='word_1_403' title='bbox 1284 4702 1404 4756; x_wconf 78' lang='lat' dir='ltr'>Nocturr</span> <span class='ocrx_word' id='word_1_404' title='bbox 1447 4707 1557 4771; x_wconf 67' lang='lat' dir='ltr'>‚duos</span> 
     </span>
    </p>
   </div>
   <div class='ocr_carea' id='block_1_10' title="bbox 0 0 1674 5394">
    <p class='ocr_par' dir='ltr' id='par_1_21' title="bbox 0 0 1674 5394">
     <span class='ocr_line' id='line_1_43' title="bbox 0 0 1674 5394; baseline 0 2"><span class='ocrx_word' id='word_1_405' title='bbox 0 0 1674 5394; x_wconf 95' lang='lat' dir='ltr'> </span> 
     </span>
    </p>
   </div>
  </div>
 </body>
</html>
