3270 5400
336 353 406 425 tit
662 375 789 426 aaran.
814 376 918 426 cona.
945 376 1223 428 nautouaauun.

331 568 403 631 qnod
413 584 472 615 rum
481 584 527 632 egio
538 584 619 619 enum
630 568 689 631 filia
699 570 772 631 reqie
779 578 804 617 et
815 570 926 619 dirutas
937 576 961 619 et
972 568 1085 619 delirius
1101 572 1181 634 renai
1189 571 1376 634 mendicata.
1385 573 1463 635 ima
1474 578 1565 621 ennea

330 674 355 715 et
374 680 476 717 emnem
494 667 590 717 mundi
602 668 719 731 olor-iem
730 669 883 733 carnemt,
896 669 1009 734 insuper
1024 668 1099 717 diris
1114 670 1256 720 tormentis
1273 686 1313 719 me
1327 670 1438 720 tradidi
1450 676 1567 736 propter

332 764 480 817 artatam.
496 765 531 817 Te
542 782 605 832 erqo
620 768 681 817 eine
689 767 770 831 ferro
785 775 809 817 et
820 768 880 817 siae
895 768 1041 832 canonisis
1051 767 1181 831 effusione
1197 768 1290 819 actem
1304 768 1415 835 aliquid
1431 769 1566 821 modicum

328 866 390 929 poti
396 866 466 914 drea
474 881 527 930 pro
537 864 652 917 Christo.
663 864 717 917 Sed
726 864 797 917 ben!
809 865 843 916 ad
856 870 912 917 tarn
922 864 1072 917 clementes
1083 864 1271 934 apparitiones
1282 872 1310 918 et
1320 866 1507 919 allocutiones
1518 866 1565 919 illa

330 962 476 1014 emendata
485 978 540 1015 non
550 962 610 1015 luit.
624 963 750 1016 Secunda
762 979 827 1016 vero
840 969 866 1015 et
876 963 957 1015 tertia
969 970 1058 1017 nocte.
1067 964 1156 1016 eidem
1170 964 1279 1017 misera
1288 965 1375 1017 sorori
1384 964 1485 1019 altaria
1497 982 1564 1034 prce-
1580 972 1596 1019 5

329 1058 403 1112 dicta
412 1060 586 1127 perlustranti
597 1067 626 1114 et
636 1060 714 1129 «guasi
727 1060 866 1114 licentiam
884 1078 901 1113 a
919 1061 1021 1114 sanctis
1033 1061 1187 1129 accipienti.
1198 1063 1295 1115 eadem
1308 1063 1379 1116 risio
1392 1070 1419 1116 et
1432 1063 1564 1117 allocutio

328 1156 364 1209 ad
373 1158 480 1219 uincula
491 1158 587 1212 altaria
597 1160 670 1213 iacta
680 1166 732 1213 est.

370 1253 430 1313 21.
451 1258 499 1311 llla
507 1262 598 1309 autem
610 1256 638 1309 in
646 1273 698 1310 suo
707 1257 826 1310 uetando
835 1258 976 1325 promisito
985 1260 1144 1327 permansit
1153 1259 1186 1311 Et
1196 1259 1261 1326 quia
1274 1260 1386 1327 prelata
1395 1266 1424 1313 et
1433 1261 1563 1329 magistra

330 1354 401 1409 illius
419 1354 577 1409 iticinasterii
597 1354 694 1411 ruerat.
706 1361 792 1409 tritam
809 1372 903 1409 curam
924 1356 995 1409 illius
1009 1363 1162 1411 conuentus
1179 1358 1223 1411 cui
1236 1364 1351 1425 praerat
1362 1358 1453 1411 beata·
1464 1358 1563 1412 llalbe·

330 1454 638 1523 rinae.ul1›‹ite1›atronie
650 1454 722 1508 illius
734 1454 794 1509 loci.
803 1456 1014 1509 commendauit
1025 1457 1058 1510 Et
1070 1456 1241 1524 praesentatis
1251 1456 1361 1525 imagini
1371 1458 1432 1523 ejus
1441 1457 1564 1510 clavibus
1581 1465 1609 1514 tt

329 1554 412 1608 olllcii
433 1554 484 1609 sui.
504 1571 567 1607 cum
588 1553 676 1607 milite
695 1554 729 1607 ad
750 1554 873 1607 seculum
894 1555 1014 1608 recessit.
1035 1556 1161 1623 Cumque
1181 1555 1305 1623 pluribus
1324 1556 1405 1608 annis
1423 1556 1452 1609 in
1471 1555 1564 1610 seculo

330 1654 428 1707 misera
445 1653 589 1707 mansisset
604 1658 632 1706 et
647 1669 681 1706 ex
699 1653 787 1706 milite
804 1653 875 1706 dum
892 1652 962 1706 filios
978 1654 1036 1719 jam
1055 1659 1135 1707 atate
1153 1669 1268 1721 magnos
1285 1653 1439 1713 habuisset
1452 1655 1563 1708 tandem

330 1752 416 1807 milite
437 1758 547 1806 alcinno
567 1752 642 1805 inse
660 1768 768 1805 reuersa
785 1756 811 1805 et
824 1758 987 1820 compuncta
1006 1753 1139 1806 dicebat:
1159 1756 1291 1817 Quoiiiom
1311 1756 1502 1808 miserationes
1513 1756 1566 1808 Dei

330 1854 492 1906 enunciant
504 1854 850 1920 neculiqunnpeccutorem
864 1854 940 1904 udae
958 1854 1047 1905 redire
1065 1854 1189 1904 roleiitem
1207 1870 1225 1903 u
1243 1854 1433 1905 uiisericordiu
1452 1855 1564 1921 repellit,

330 1960 452 2004 retertur
463 1953 500 2003 ud
510 1953 596 2003 locum
610 1952 680 2003 unde
691 1953 770 2003 exiri.
790 1950 821 2003 Et
835 1950 893 2002 linc
910 1950 1004 2003 dicens
1022 1950 1073 2002 iter
1084 1950 1211 2018 arripuit:
1224 1956 1251 2002 et
1269 1950 1334 2018 quia
1352 1951 1454 2004 nobilis
1466 1968 1564 2020 genere
1582 1956 1608 2006 ta

330 2054 357 2101 et
369 2050 484 2102 ‹totu-an
496 2050 611 2103 educata
619 2050 715 2111 luerat,
723 2050 793 2102 inter
802 2064 868 2101 saxa
878 2049 1022 2103 ambulans
1035 2051 1169 2118 sanguine
1181 2050 1227 2117 qui
1241 2050 1275 2102 de
1285 2050 1367 2103 nudis
1376 2051 1438 2116 ejus
1450 2051 1565 2119 pedibus

332 2147 430 2200 diuoluit
445 2163 494 2200 sua
508 2146 618 2215 vestigia
630 2146 793 2200 rubricabat.

371 2242 429 2303 22.
451 2246 461 2293 t
465 2246 518 2297 tuin
532 2249 623 2297 antem
634 2244 668 2297 ad
680 2244 879 2297 monasterium
889 2244 958 2296 clam
973 2241 1100 2299 uenisset.
1114 2248 1141 2296 ut
1152 2245 1311 2312 magistrum
1320 2260 1383 2312 quie
1392 2244 1406 2273 *
1416 2244 1564 2299 sanctimo-

331 2342 448 2398 nialibus
457 2347 572 2411 praerat
580 2346 686 2411 rogaret
695 2346 724 2394 ut
743 2341 827 2410 ipsun
846 2342 881 2394 de
892 2341 984 2393 seculo
998 2341 1159 2393 redeuntem
1172 2341 1207 2393 ad
1219 2341 1409 2409 paenitentiam
1424 2342 1564 2411 reciperet,

331 2460 402 2504 acca
414 2459 457 2495 ros
469 2442 636 2501 adudranda.
654 2441 762 2495 beatam
775 2440 953 2494 Katherinam
972 2439 1088 2507 primam
1109 2439 1231 2492 omnium
1250 2445 1278 2492 et
1296 2438 1384 2493 solam
1402 2440 1519 2495 interius
1530 2442 1564 2495 nd
1579 2448 1608 2499 n

331 2543 478 2595 luinstrarn
492 2546 522 2594 ut
534 2540 691 2609 magistram
704 2540 812 2593 claustri
824 2539 965 2592 seuientem
980 2537 1093 2591 invenit.
1103 2539 1190 2605 Quam
1204 2555 1266 2592 cum
1280 2539 1324 2592 illa
1339 2539 1455 2594 minime
1465 2558 1565 2611 cogno·

332 2647 426 2695 mearet.
445 2640 490 2693 illu
509 2640 577 2692 dixit
594 2639 637 2692 ei:
655 2640 768 2706 Tannus
783 2647 821 2692 eat
842 2646 870 2690 ot
888 2640 925 2690 uel
940 2640 1033 2691 coelum
1053 2640 1159 2690 redeam
1169 2657 1180 2703 ;
1190 2641 1251 2704 jusu
1269 2642 1341 2692 euim
1358 2642 1409 2693 diu
1421 2643 1565 2694 cicestriae

332 2742 460 2807 suppleri.
479 2740 544 2792 Veni
560 2756 623 2803 eruo
639 2740 727 2802 ct'tt'tttt,
741 2746 769 2789 ut
782 2739 917 2802 relictionis
935 2738 1049 2789 reatibus
1068 2739 1197 2790 induaris
1213 2746 1237 2790 et
1254 2739 1340 2791 locum
1358 2756 1510 2808 curamque
1524 2742 1565 2793 tat

332 2840 417 2903 officii
430 2855 558 2889 resecatus.
572 2838 653 2889 Nemo
665 2839 734 2889 enlm
746 2839 795 2889 ecit
807 2845 831 2888 te
842 2838 932 2889 ‹telliuc
942 2838 1069 2901 ‹lesatssa
1087 2835 1137 2889 llla
1154 2851 1219 2904 ergo
1237 2835 1352 2891 nimium
1372 2838 1468 2906 gavisa
1486 2843 1516 2892 et
1530 2838 1564 2891 (le

333 2932 413 2989 tunto'
430 2935 560 2988 iniruculu
575 2935 734 3005 stupefacta,
747 2934 896 2987 claustrum
916 2933 1027 2987 intrauit
1045 2939 1073 2987 et
1091 2938 1180 2986 vestes
1192 2938 1220 2987 et
1237 2951 1331 2989 curam
1349 2937 1392 2990 sut
1404 2935 1563 2991 monasterii
1577 2940 1606 2992 ll

332 3036 441 3103 recepit.
454 3036 477 3085 Ο
489 3040 590 3103 quanta
603 3033 741 3087 hunulitas
752 3038 780 3086 et
792 3033 879 3101 pietas
887 3033 1012 3101 gloriosse
1026 3032 1137 3101 virginis
1154 3033 1338 3101 martyrisque
1350 3034 1452 3090 Christi
1465 3034 1563 3089 Kalbe·

334 3133 405 3195 riou»,
419 3150 480 3201 cuttu
497 3149 546 3201 par
563 3138 602 3186 tot
613 3148 701 3185 annos
717 3131 744 3185 in
758 3132 844 3185 surina
858 3136 885 3185 et
896 3131 993 3185 habitu
1012 3131 1148 3200 praedictae
1160 3131 1263 3184 sororis
1281 3148 1364 3186 omne
1380 3134 1562 3189 ministerium

332 3232 406 3302 uticnl
424 3232 469 3285 illa.
481 3237 613 3294 tenuerat,
625 3230 831 3299 diligentissime
848 3229 1052 3298 adimplevito
1071 3246 1154 3299 quam
1168 3230 1262 3285 felices
1274 3231 1385 3285 suerunt
1402 3248 1464 3301 quae
1482 3233 1561 3287 talem
1607 3245 1610 3253 ·

333 3336 490 3385 attenuarunt
502 3330 603 3385 habere
615 3329 782 3399 magistram,
800 3329 889 3383 omnis
902 3329 1051 3399 disciplinae
1065 3336 1093 3384 et
1106 3329 1213 3383 virtutis
1230 3329 1348 3399 plenam.
1363 3330 1413 3384 llla
1426 3348 1493 3386 uero
1503 3348 1562 3402 qun

332 3432 366 3485 cla
376 3430 468 3483 nudo
482 3446 589 3483 reversa
599 3428 696 3490 iuerat,
708 3445 769 3482 cunt
783 3429 810 3482 in
823 3428 965 3483 matutinis
977 3435 1050 3483 esset
1061 3430 1203 3498 sequentis
1215 3429 1268 3483 diei
1281 3434 1308 3482 et
1320 3430 1426 3483 cantrix
1438 3430 1463 3484 ei
1477 3431 1562 3500 injun-
1576 3432 1603 3485 tt

330 3535 413 3595 uertit,
426 3536 455 3583 ut
472 3533 635 3583 consuetum
654 3529 793 3597 estquod
813 3544 915 3582 nonam
934 3529 1081 3583 lectionem
1100 3529 1209 3597 legeret,
1222 3528 1279 3597 ipsa
1297 3528 1441 3583 inveniens
1458 3544 1562 3597 scm

331 3626 457 3683 ‹luliilcna
469 3625 615 3679 lectionem
628 3625 706 3678 alteri
717 3624 860 3693 leuandam
870 3626 1016 3679 cummisit.
1026 3626 1105 3679 Mane
1114 3631 1206 3679 autem
1218 3626 1299 3687 tacto,
1306 3626 1409 3695 pulsari
1418 3626 1483 3680 iecit
1491 3631 1521 3681 ut
1528 3626 1561 3680 ad

330 3725 479 3794 capitulum
493 3729 644 3778 convenius
661 3741 785 3779 sororum
806 3725 905 3787 veniat,
919 3731 949 3779 ut
967 3730 1074 3778 tuntum
1092 3704 1255 3778 miraculum
1268 3724 1427 3793 publicaret.
1440 3724 1562 3796 Cumque

330 3840 426 3877 citrinos
435 3823 636 3885 cmuunisscnt,
649 3823 706 3893 ipsa
719 3823 811 3876 omnia
823 3839 885 3892 quoe
897 3823 968 3876 circa
980 3840 1041 3876 cam
1055 3828 1131 3891 gesta
1143 3822 1260 3885 luerunt,
1277 3838 1326 3892 per
1338 3824 1465 3878 ordinem
1478 3825 1561 3879 ornni·

331 3924 382 3976 bus
401 3923 545 3976 ttiiitnavit.
558 3922 635 3976 Tunc
656 3938 752 3975 omnus
769 3922 967 3975 benedicebant
981 3927 1008 3974 at
1027 3921 1216 3990 glorificabant
1233 3920 1383 3976 Dominum
1396 3923 1425 3976 in
1445 3922 1561 3992 gloriosa
1574 3926 1627 3979 31

331 4021 433 4089 siruinc
445 4028 469 4075 et
484 4026 603 4089 iuiutyre
615 4026 709 4074 sancta
721 4020 879 4074 liutherius.
892 4020 939 4074 llla
952 4036 1017 4073 vero
1030 4020 1168 4073 salubrem
1188 4020 1378 4088 poenitentiam
1391 4024 1561 4091 aganapod·

332 4122 442 4174 tumtum
457 4120 536 4191 plana
550 4119 694 4173 uirtutibus
708 4119 734 4172 in
746 4120 864 4174 Domino
877 4119 1051 4173 cibtlormiuit.

381 4320 587 4392 nxpnuunt
607 4322 784 4382 miracuta
804 4335 885 4394 quae
907 4325 1003 4381 Deus
1022 4334 1088 4392 per
1109 4318 1310 4391 gloriosam
1331 4319 1509 4393 viretum

493 4420 794 4493 praestantemque
814 4433 983 4493 sponsam
1003 4432 1106 4479 mam
1128 4420 1305 4491 opacatus
1326 4420 1397 4480 ent.
