3270 5400
244 380 336 432 eren.
354 379 435 432 nro.
454 377 627 430 nnuman.
646 398 693 408 -
711 377 814 431 cono.
831 378 865 430 n.
884 377 999 431 emon.
1012 375 1088 447 ssia,
1104 375 1180 429 tosa.
1257 355 1330 429 505

205 574 264 646 11ο
289 571 419 645 Passio
432 570 469 645 S.
487 570 644 643 Thomae
661 568 820 662 apostoli
836 568 909 666 (fol.
928 567 1091 665 atr-94¹).

137 703 266 877 mid
290 801 421 876 Passio
438 802 491 874 δ”
503 800 711 893 Margaritae
728 799 880 905 virginis
899 799 973 896 (iol.
993 799 1156 898 94¹·97r).

135 927 337 984 ramsolan
349 926 484 996 derupta
496 929 635 981 sioraco
647 926 816 980 ansanum
828 925 1008 996 nargamum
1020 942 1082 996 qus
1094 924 1205 994 incipit:

237 1060 318 1116 Salve
326 1059 550 1128 lelixllarpereta
630 1056 637 1077 '
814 1057 1142 1128 Snlrevirpollerparsta

235 1158 303 1228 Quae
314 1158 553 1214 virtutelleiireta
814 1156 881 1225 Quae
889 1157 1010 1227 corporis
1022 1163 1111 1212 morte
1122 1161 1213 1226 spreta

236 1258 439 1328 Inaponclesu
451 1255 553 1311 Christi
815 1256 1143 1311 Veritatemesconlessa

235 1357 296 1412 Non
308 1373 337 1411 es
350 1355 422 1411 ricta
433 1356 481 1410 sed
494 1354 593 1409 vicisti.
817 1355 908 1410 Mente
916 1371 1025 1424 semper
1033 1355 1177 1409 ludelesse.

129 1763 307 1853 ccxxv.
337 1747 460 1850 Codex
486 1761 591 1874 apud
616 1761 661 1848 l).
688 1761 888 1873 Phillipps
912 1760 1099 1871 sIgnatus
1124 1779 1169 1846 n⁰
1193 1759 1317 1849 4658.

139 1984 300 2052 PapInarnm
321 1983 379 2047 378,
391 1983 487 2035 formae
505 1982 603 2036 mediae
620 1980 833 2047 (neataxona),
851 1980 923 2035 binis
942 1980 1085 2043 columnis,
1103 1979 1182 2034 lineis
1201 1978 1333 2048 graphide

106 2083 193 2138 ductis
201 2082 294 2137 seculo
306 2081 368 2136 XIII
377 2081 462 2134 nitide
474 2086 609 2135 exaratus.
619 2080 702 2135 Tituli
715 2081 851 2145 rubricati,
862 2080 959 2134 littera
971 2081 1090 2148 majores
1099 2080 1184 2134 rubeo
1198 2079 1331 2149 viridique

106 2179 197 2234 colore
209 2181 336 2250 depictae3
348 2181 383 2234 ad
392 2196 438 2233 eas
451 2180 596 2246 ornandas,
609 2180 682 2248 quod
701 2196 766 2234 vero
780 2195 859 2248 perce
870 2196 902 2233 ac
913 2179 1051 2249 eleganter
1061 2184 1154 2233 actum
1172 2183 1221 2243 est,
1232 2177 1333 2232 rubeus

106 2277 254 2348 riridquue
265 2279 341 2332 color
351 2279 503 2333 intermixti
517 2284 588 2333 sunt.
597 2279 639 2332 Ad
649 2278 751 2333 calcem
761 2278 862 2332 codicis
871 2278 1021 2347 descriptus
1029 2283 1078 2341 est,
1087 2277 1136 2331 sed
1144 2277 1199 2332 alia
1210 2275 1332 2344 ejusdem

106 2376 191 2431 seculi
199 2376 262 2431 lIlIl
273 2390 366 2442 manu,
377 2376 500 2446 protinus
510 2392 601 2431 sermo
613 2377 648 2431 de
664 2381 838 2431 sacrosancto
851 2381 1023 2430 sacramento
1033 2377 1127 2430 eltans
1134 2395 1141 2440 ;
1153 2375 1230 2430 initio
1240 2379 1334 2430 entem

106 2475 188 2530 iudex
205 2476 387 2546 capitulorum
409 2476 470 2531 libri
493 2476 528 2531 dc
548 2476 627 2530 initio
645 2474 748 2530 ordinis
769 2473 962 2541 cisterciensis,
980 2475 1143 2529 miraculum
1163 2474 1238 2543 qnod
1260 2473 1332 2543 apud

108 2575 228 2629 Friburc
245 2575 411 2643 tripartiens
431 2575 602 2643 Ile-icpaude'oe
613 2578 741 2643 operatus
753 2579 794 2628 est
813 2573 839 2627 S.
851 2573 1006 2627 Bernardus
1025 2576 1164 2626 mortuum
1177 2570 1335 2626 suscitando

108 2673 143 2726 ad
155 2673 248 2738 vitam,
261 2689 293 2727 ac
305 2673 427 2726 carmina
438 2673 578 2727 nonnulla.
591 2673 684 2727 Codex
696 2672 801 2727 nullum
816 2689 872 2726 suae
884 2672 996 2741 originis
1008 2671 1139 2726 indicium
1151 2671 1278 2737 servarit,
1287 2671 1336 2725 sed

108 2777 142 2825 ex'
151 2772 249 2841 maiori
258 2788 342 2840 quam
352 2788 415 2825 cum
427 2773 644 2841 praecedentibus
652 2771 857 2826 similitudmem
871 2773 961 2834 refert,
974 2771 1026 2825 dici
1044 2771 1125 2825 debet
1133 2774 1235 2825 sanctie
1244 2769 1334 2824 Ileriae

108 2870 244 2926 Alnensis.

209 3020 251 3093 In
268 3021 420 3094 nomine
444 3021 593 3095 Domini
617 3021 735 3096 nostri
756 3023 842 3096 Jesu
868 3021 1003 3096 Christi
1029 3021 1157 3114 incipit
1173 3019 1336 3095 narratio

259 3137 303 3210 de
319 3135 426 3209 initio
446 3136 708 3230 Cysterciensis
729 3137 879 3229 ordinis,
898 3138 1055 3230 qualiter
1075 3143 1198 3229 patres
1219 3135 1337 3210 nostri

259 3252 303 3324 de
336 3253 563 3327 Molismensi
602 3252 754 3326 cenobio
787 3259 936 3346 propter
968 3253 1166 3346 puritatem
1200 3250 1340 3325 ordinis

259 3368 464 3440 secundum
490 3373 655 3441 tenorem
680 3368 817 3461 regulae
840 3367 958 3441 sancti
980 3365 1166 3441 Benedicti
1192 3387 1339 3459 recupe-

258 3480 415 3553 randam
437 3481 584 3573 egressi,
610 3482 807 3556 fecundam
833 3480 1123 3573 Cysterciensem
1148 3479 1339 3554 ecclesiam

259 3593 507 3687 fundaverint,
525 3602 683 3688 quaeest
707 3602 825 3697 mater
855 3595 1024 3669 omnium
1041 3601 1223 3686 nostrum,
1250 3616 1339 3688 quo

258 3708 361 3782 niam
387 3732 432 3783 cx
457 3711 549 3804 ipsa,
576 3717 756 3804 tanquam
785 3713 831 3785 de
860 3712 962 3784 fonte
987 3711 1199 3805 purissimo,
1229 3709 1338 3784 rivuli

261 3829 478 3898 cunctarum
496 3825 733 3900 ecclesiarum
750 3826 890 3900 ordinis
907 3824 1025 3900 nostri
1049 3823 1202 3899 derivati
1227 3830 1335 3910 sunt:

260 3943 297 4012 et
321 3939 366 4013 de
396 3940 572 4015 nonnulis
593 3941 801 4015 reverendis
822 3947 933 4034 atque
962 3941 1001 4014 in
1030 3941 1133 4014 omni
1163 3939 1337 4034 religione

261 4054 469 4147 conspicuis
485 4056 653 4148 personis
671 4078 754 4149 quae
768 4057 807 4130 in
824 4056 1010 4149 Cystercio
1028 4062 1064 4129 et
1080 4056 1117 4128 in
1136 4056 1340 4130 Claravalle

259 4169 471 4243 claruerunt
486 4175 533 4264 (p.
555 4172 714 4269 laeta).

145 4294 220 4365 Opus
231 4297 305 4366 quod
314 4297 474 4367 inscriptum
483 4303 525 4352 est
533 4298 665 4366 Mopsum
673 4301 827 4355 Exordium
835 4301 911 4354 aecci
920 4300 1028 4353 orde'm‘a
1037 4300 1229 4366 Cistercimsia,
1238 4298 1338 4368 dequo

111 4398 205 4449 ectum
216 4399 260 4450 est
275 4412 359 4466 supra
376 4401 442 4451 torn.
452 4397 473 4460 1,
485 4414 509 4465 p.
521 4397 579 4452 233.
590 4396 769 4467 Praepositum
781 4402 823 4452 est
833 4398 863 4453 in
872 4398 940 4463 cod„
952 4401 1050 4450 utnon
1063 4413 1132 4462 raro,
1142 4413 1253 4451 carmen
1264 4397 1340 4466 quod

113 4493 227 4563 incipit:
1243 4488 1245 4492 Α

375 4577 504 4647 Quisquis
515 4578 550 4631 ad
559 4583 689 4633 aeternam
701 4578 812 4647 cupiens
822 4579 975 4648 pertingere
988 4579 1071 4632 vitem

377 4676 491 4732 Currere
502 4677 610 4732 felicem
619 4677 747 4733 monachi
756 4679 899 4732 contendis
911 4694 1064 4748 agonem...
