3338 5394
318 309 390 383 368
648 331 775 383 aaran.
801 331 905 383 cono.
931 329 1210 383 nrmoonarmc.

417 524 454 595 7ο
480 522 652 614 Legenda
672 523 708 596 S.
734 521 905 613 Mauritii,
924 520 1065 594 emeriti
1082 521 1210 595 militis
1237 520 1373 596 Christi
1390 528 1428 597 et
1443 521 1549 598 ducis

467 637 610 711 celestis
627 637 809 712 exercitus
826 637 1074 710 Thebaeorum
1087 637 1165 730 (fol.
1184 636 1346 732 63267‘).

350 800 407 854 Ino.
580 800 731 870 Posuquam
743 800 869 854 Salvator
878 799 975 855 mundi
986 799 1020 853 de
1032 798 1135 868 virgine
1148 799 1223 853 nasci

580 901 719 970 Dignatus,
732 899 858 954 nostrisa
871 899 993 968 corporis
1004 898 1092 954 induit
1102 903 1185 964 artus,

580 999 689 1054 Evolvit
700 1003 810 1053 centum
824 999 866 1052 bis
875 1015 970 1053 cursus
982 997 1113 1066 temporis
1125 1013 1212 1052 annos

580 1098 649 1152 Cum
661 1097 752 1152 decies
764 1102 826 1152 octo
835 1101 995 1166 septemque
1007 1096 1168 1151 monarchia
1179 1097 1256 1166 regni

582 1197 721 1251 Rhomani
733 1198 834 1250 donata
845 1195 897 1250 ruit
908 1194 1078 1250 Diocletiano

578 1334 602 1389 0
614 1335 687 1397 felix,
698 1333 749 1388 tibi
759 1335 817 1402 jam
829 1333 935 1403 placeat
946 1333 1105 1387 meminisse
1120 1338 1240 1399 tuorum,

581 1432 634 1501 Qui
647 1437 712 1486 sunt
724 1433 816 1487 devoti
825 1432 874 1487 tibi
884 1432 955 1487 sicut
966 1449 1017 1502 ego
1024 1452 1031 1496 ς
1040 1449 1147 1487 mernor
1156 1449 1220 1502 ergo

549 1537 552 1543 '
580 1532 622 1585 Sis
635 1532 757 1586 Rrrrrar
770 1531 816 1599 (l),
827 1531 871 1585 cui
885 1531 919 1585 de
929 1530 1042 1585 floribus
1056 1548 1090 1584 ex
1101 1531 1228 1600 paradiso

580 1630 670 1684 Mittas
679 1646 743 1684 cum
756 1630 841 1695 micis,
851 1646 912 1699 quae
924 1629 958 1683 de
969 1646 1065 1683 mensa
1074 1630 1249 1683 dominorum

581 1729 654 1783 Infra
667 1730 776 1792 cadunt,
789 1728 873 1783 addas
885 1733 1005 1782 mustum
1015 1729 1090 1797 quod
1100 1728 1217 1783 inebriat
1225 1728 1300 1798 ipsos

581 1825 617 1880 Ut
625 1827 678 1882 sihi
687 1827 726 1882 nil
738 1827 827 1897 sapiat
834 1826 887 1881 nisi
899 1827 1030 1891 Christus,
1039 1832 1121 1895 atque
1134 1826 1161 1881 iu
1174 1826 1258 1881 odore

582 1926 679 1980 Currat
687 1926 851 1995 aggaudens,
863 1926 922 1994 ejus
933 1930 1022 1979 ructet
1031 1925 1105 1979 bona
1116 1925 1200 1979 verba

581 2024 614 2078 Et
623 2040 702 2079 meus
714 2025 795 2095 plena
803 2041 914 2094 quoque
925 2024 1044 2088 dulcore,
1055 2023 1120 2078 Jesu
1131 2023 1170 2077 sic
1179 2040 1274 2078 amore

579 2123 684 2178 AEstuet
694 2124 775 2189 intus,
783 2124 908 2177 membra
916 2123 1010 2177 desum
1019 2139 1069 2176 sua
1080 2122 1186 2192 singula
1197 2123 1317 2178 laudent.

581 2222 614 2277 Et
624 2225 685 2292 post
693 2222 766 2276 hanc
778 2222 862 2276 vitam
876 2221 950 2290 quod
960 2238 1008 2291 spe
1019 2226 1102 2286 tenet,
1110 2221 1157 2275 hic
1167 2222 1316 2288 habeatrs,

580 2321 701 2376 Laetetur
710 2337 820 2390 semper
831 2337 894 2375 cum
903 2320 1005 2375 sanctis
1016 2298 1153 2375 omnihus.
1165 2321 1262 2376 Amen.

417 2456 455 2528 8⁰
485 2452 668 2567 Galterius
701 2454 746 2526 de
781 2453 1001 2527 Castellione
1035 2451 1074 2525 in
1100 2452 1231 2545 quinto
1254 2452 1546 2528 Alexandreidos

465 2583 599 2658 allusio
613 2584 690 2676 (fol.
710 2583 796 2673 67¹).

354 2728 421 2783 Vide
430 2729 526 2799 iligna,
534 2729 563 2783 P.
572 2730 610 2793 L,
619 2733 685 2782 tom.
697 2728 785 2793 CCIX,
797 2744 823 2796 p.
832 2729 889 2793 481,
901 2744 971 2782 vers.
981 2729 1012 2782 31
1026 2744 1085 2797 sqq.

416 2861 455 2932 9⁰
479 2858 535 2931 Ex
552 2857 817 2949 martyrologio
830 2855 981 2930 metrico
998 2854 1166 2948 magistri
1179 2854 1327 2930 Henrici
1341 2856 1545 2930 Yserenlon

466 2974 544 3066 (fol.
563 2974 728 3066 dis-fir).

579 3127 656 3180 Idola
668 3125 751 3181 Cesar
762 3130 829 3189 arat,
841 3124 868 3178 in
885 3125 1040 3179 Amandum
1053 3124 1234 3178 Maximianus

579 3226 679 3280 Tristia
691 3225 764 3279 bella
773 3227 859 3293 parat,
870 3240 927 3277 non
936 3222 1031 3288 Gallia,
1039 3239 1095 3277 non
1105 3223 1237 3277 Helianus

579 3325 676 3378 Mentis
685 3323 852 3393 Yperholicae
861 3328 979 3392 stragem
988 3322 1087 3376 metuit
1095 3322 1221 3391 regionis,

581 3424 664 3478 Cesar
672 3423 815 3492 magnifice
827 3422 937 3476 turbam
948 3421 1049 3474 format
1059 3420 1182 3489 legionis,

578 3522 667 3576 Fortis
675 3525 707 3575 ut
714 3520 826 3574 invadat
834 3520 905 3589 legio
916 3520 986 3573 bens
995 3518 1219 3587 compositorum.

578 3621 644 3675 Hac
655 3636 703 3674 sex
711 3619 788 3674 milia
795 3619 843 3673 dat
851 3620 953 3688 pariter
960 3623 1089 3672 sexcenta
1101 3618 1222 3672 virorum

577 3719 722 3787 Sexaginta
731 3735 787 3780 sex,
797 3718 882 3786 jutrix
891 3718 1005 3772 veniunt
1016 3717 1173 3771 exoriente.

578 3818 649 3872 Huic
658 3822 699 3872 est
711 3818 796 3872 altera
807 3818 859 3881 lex,
871 3832 934 3871 nam
946 3817 1045 3870 Cesare
1054 3816 1146 3884 phana
1155 3815 1264 3869 colente

579 3916 695 3971 Preterit
707 3917 875 3971 octodorum
884 3916 899 3947 *
910 3915 990 3985 legio,
1001 3929 1121 3983 pausans
1133 3914 1161 3968 in
1173 3930 1268 3983 agone,

578 4016 613 4069 Se
625 4020 730 4070 recreat
741 4030 885 4069 nemorum
898 4014 949 4068 suh
959 4014 1022 4068 divo
1032 4012 1146 4066 nurnine
1155 4012 1247 4076 sonno,

580 4114 696 4168 Cesareo
705 4114 784 4182 jussu
794 4112 877 4183 gladii
888 4112 1040 4167 decimator
1048 4112 1077 4166 in
1086 4127 1134 4166 ore

580 4212 665 4281 Cujus
673 4228 803 4281 percussu
814 4212 923 4267 fluitant
931 4227 1004 4265 nova
1015 4213 1093 4279 prata
1103 4225 1208 4274 cruore,

581 4310 748 4366 octodorum
761 4309 860 4379 repetit
871 4325 934 4379 pars
945 4309 1039 4374 altera,
1050 4314 1127 4377 parte
1139 4312 1288 4378 perempta,

579 4408 670 4477 Quam
681 4409 765 4464 miser
776 4408 863 4463 irretit
871 4408 961 4472 Cesar,
972 4408 1029 4462 rita
1040 4406 1092 4460 sibi
1103 4408 1221 4477 dempta

347 4620 385 4689 (1)
400 4617 550 4673 innotescit
567 4630 631 4683 ergo
649 4612 893 4677 nomenauctoris3
905 4611 999 4666 forsan
1010 4616 1052 4666 est
1062 4611 1196 4666 Reinerus
1212 4610 1381 4677 Leodiensis,
1391 4611 1544 4665 monachus

315 4699 568 4759 Saulaurentianua
