3270 5400
187 333 281 386 nme.
298 330 381 383 nnc.
399 329 571 383 samana.
590 351 637 362 -
654 328 804 381 aarum.
821 329 869 380 no
886 329 966 382 coo.
981 331 1014 382 n.
1029 330 1144 399 amun.
1158 329 1235 386 sess.
1260 311 1333 385 497

104 523 177 577 Nam
183 529 329 591 postquam
336 521 463 589 plurima
471 520 555 572 terris
563 520 699 573 miracula
708 520 789 583 dedit,
803 521 902 587 quibua
912 536 1004 573 oerum
1015 538 1044 574 se
1056 521 1143 574 Deum
1159 498 1334 590 confirmauit,

101 629 247 690 postquam
259 621 312 674 sibi
321 620 469 686 discipulos
487 619 664 685 quamplures
674 620 825 681 associavit,
833 620 985 672 uoluntaria
993 626 1082 673 teritus
1090 622 1167 673 cruci
1174 629 1213 675 est
1223 623 1335 690 nidmu,

103 728 229 774 mutuus
246 726 270 772 et
292 719 420 786 sepultus,
437 723 468 770 ut
493 717 613 783 requiem
632 724 655 770 ct
676 717 759 769 mam
771 719 942 784 qloriamqne
960 718 1079 770 bumana
1097 721 1192 785 qeneri
1198 722 1335 787 perditam

104 820 272 881 restitueret;
284 819 376 884 sicque
386 818 455 880 leues
466 816 572 880 inferni
588 817 747 882 dirumpens
764 817 844 869 tertia
855 818 900 868 die
917 834 935 868 a
947 819 1061 869 mortuis
1072 820 1232 871 resurrexit.
1240 820 1335 887 Sicque

71 927 87 977 5
105 917 235 972 celebrato
245 921 413 969 sacramento
424 915 458 967 ab
468 915 613 968 atmnitate
621 915 758 981 disposito,
769 922 829 981 post
837 915 889 967 XL
898 916 1018 969 diessua
1030 919 1237 970 resurrectionis
1247 918 1335 972 uiden

104 1017 176 1070 tibus
198 1017 258 1068 suis
275 1015 350 1068 culos
366 1014 493 1076 ascendit,
506 1020 688 1080 naturamque
706 1013 853 1065 humanam
867 1030 948 1081 quam
965 1015 998 1067 de
1018 1015 1177 1067 deliciarum
1193 1017 1335 1085 paradyso

105 1117 244 1184 maliqnus
260 1131 313 1168 sua
336 1115 420 1180 fonde
441 1113 562 1177 abduxit,
578 1129 665 1179 supra
686 1113 843 1179 diqnitatem
859 1115 1008 1180 anqelieam
1030 1116 1105 1169 Deus
1121 1117 1198 1169 bomo
1218 1117 1335 1171 induxit.

105 1215 216 1268 Decimo
230 1215 292 1267 inde
301 1214 442 1266 diesancti
450 1213 577 1264 virtudem
588 1211 711 1278 Spiritus
726 1213 785 1264 suis
796 1214 925 1278 apostolis
943 1214 974 1264 in
991 1215 1122 1267 cenaculo
1138 1215 1336 1270 considentibus

106 1312 137 1364 in
148 1311 221 1376 iqnis
230 1311 322 1375 tiqura
333 1308 426 1368 misit,·
440 1323 492 1373 quo
505 1307 657 1371 confirmati
668 1314 693 1359 et
707 1308 793 1359 edocti
802 1324 852 1374 per
863 1309 1049 1376 quadrifidum
1060 1311 1149 1363 orbem
1163 1320 1228 1365 sunt
1238 1313 1336 1379 diffusi

58 1426 88 1476 νο
103 1411 282 1478 predicantes
293 1414 317 1459 et
334 1407 528 1459 annuntiantes
540 1406 680 1470 maqnalia
691 1406 761 1457 Dei:
769 1407 890 1471 nonjam
900 1407 1080 1472 formidantes
1095 1411 1235 1463 bominum
1251 1412 1335 1464 scien·

106 1510 181 1569 tiam,
202 1507 269 1573 quia
287 1505 404 1571 firmiter
421 1505 509 1556 sciunt
529 1503 583 1556 se*¹
599 1503 649 1555 illo
668 1503 863 1567 sublimandos,
883 1520 936 1572 quo
959 1506 1094 1559 Dominus
1116 1509 1228 1560 illarum
1244 1511 1336 1561 omnia

104 1607 261 1673 qubernans
269 1609 364 1670 reqnat
375 1618 459 1668 super
475 1618 565 1654 omnes
576 1603 658 1654 calos
667 1601 701 1653 In
713 1601 810 1668 quibus
818 1602 944 1656 doarium
950 1604 1057 1657 antestis
1064 1607 1230 1671 preconibus
1240 1607 1337 1660 Petrus

107 1706 246 1773 apostolus
262 1709 350 1757 exuat
370 1704 497 1768 princeps
511 1701 656 1767 qloriosus,
674 1702 723 1768 qui
738 1718 827 1767 nuper
841 1701 955 1754 Romam
975 1704 1118 1756 adveniens
1137 1721 1189 1758 non
1204 1706 1336 1758 modicam

106 1804 238 1856 nobilium
258 1802 457 1854 multitudinem
474 1800 661 1852 Romanorum
681 1801 806 1867 lampade
822 1802 955 1854 orationis
973 1803 1123 1869 virtuteque
1139 1805 1290 1857 curationis
1300 1805 1338 1857 ad

60 1918 90 1968 45
107 1917 175 1955 uera
184 1902 286 1954 meltum
296 1901 438 1965 reliqionis
448 1900 585 1951 conuertit.
604 1899 666 1964 Hic,
677 1900 797 1965 inquam,
811 1899 907 1952 Petrus
919 1901 1084 1953 inuocatione
1097 1901 1201 1955 Cbristi
1217 1911 1337 1958 mortuos

106 2001 228 2065 suscitat,
240 2001 368 2052 darnanes
378 1999 466 2064 suqat,
487 2004 511 2049 et
525 1998 597 2063 quod
613 2003 651 2049 est
667 1997 793 2050 mirabile
804 1999 872 2062 aisu,
883 1999 971 2065 ipsius
983 1998 997 2029 *
1008 1999 1106 2052 umbra
1116 2004 1239 2067 corporis
1255 2005 1337 2057 innte-

106 2115 181 2152 mera
191 2099 376 2163 lanquentium
391 2098 472 2149 turba
482 2097 602 2162 efficitur
609 2113 686 2148 sana.
696 2097 750 2149 Hic
759 2098 844 2163 iqitur
852 2098 988 2164 apostolus
996 2105 1051 2150 tam
1059 2100 1189 2166 praecelsa
1197 2102 1339 2168 diqnitatis

106 2199 144 2250 ad
155 2198 225 2249 banc
238 2197 335 2248 Gallia
344 2196 435 2247 urbem
451 2202 567 2247 cestram
579 2210 628 2247 nos
639 2195 748 2257 direxit,
758 2197 888 2262 quatinus
904 2196 1063 2260 doctrinam,
1075 2213 1158 2264 quam
1170 2215 1220 2251 rea
1230 2202 1339 2254 aledis

109 2297 181 2349 sicut
192 2295 310 2347 credistis
329 2294 453 2345 omnibns
469 2295 578 2361 populis
597 2295 764 2345 annuntiare
780 2294 910 2359 pracepit,
929 2296 1094 2361 suscipiatis,
1111 2296 1218 2349 diabolo
1233 2299 1282 2363 qui
1287 2315 1340 2365 per

59 2411 91 2462 20
109 2395 247 2448 idolorum
263 2394 395 2446 aandatcs
406 2399 508 2444 cedrus
526 2393 664 2458 bucusque
683 2392 820 2460 deceperat
835 2400 933 2445 mentes
944 2393 1145 2457 abrenuntietis,
1153 2397 1284 2462 quatinus
1290 2414 1340 2464 per

109 2494 213 2546 lauacri
221 2493 448 2557 reqerurationem
458 2492 496 2543 ad
506 2493 564 2543 ceri
572 2492 748 2557 coquitionem
759 2491 810 2542 Dei
820 2492 910 2543 redire
921 2493 1041 2554 ualeatis,
1051 2495 1230 2561 mentiumque
1242 2503 1339 2548 oestro·

108 2608 173 2645 rum
191 2608 224 2643 ac
239 2607 383 2658 corporum
395 2591 603 2643 casasolationem
618 2591 788 2656 percipiatis.
799 2590 874 2655 Ecce,
889 2592 957 2643 ciues
975 2593 1129 2655 uenerandi,
1139 2593 1201 2659 quis
1211 2600 1341 2647 naturam

108 2692 257 2744 bumanam
275 2689 442 2755 sormaverit,
461 2689 598 2739 audistis:
613 2704 668 2755 qua
688 2688 768 2754 culpa
783 2703 833 2741 seeo
846 2689 957 2755 prinum
975 2689 1062 2753 fuerit
1080 2689 1188 2754 bonore,
1203 2699 1341 2745 cetrtanta

109 2789 265 2841 irsooloatur
276 2788 437 2839 calamitate.
447 2787 573 2838 Audistis
591 2788 671 2839 etiam
683 2787 908 2853 dispensationem
922 2788 981 2851 Dei,
989 2804 1134 2855 perquam
1144 2791 1255 2856 antiquo
1264 2794 1341 2843 resti·

61 2903 92 2954 25
110 2893 207 2941 truatur
215 2886 321 2948 honori,
333 2886 443 2937 simodo
455 2886 667 2937 simulacrorum
678 2885 848 2937 abrenuntiet
864 2889 963 2939 errori.
976 2887 1103 2940 Audistis
1111 2890 1342 2956 partimpersons

110 2985 298 3039 auctoritatem
310 2999 359 3035 nos
371 2984 514 3049 diripentis
523 2984 560 3035 ad
572 2999 624 3048 uos,
636 2999 690 3035 non
707 2984 834 3050 iqnobilis
851 2985 935 3036 locum
949 2984 1026 3037 urbis
1036 2985 1069 3037 de
1086 3002 1140 3051 qna
1151 2988 1341 3053 processimus,

111 3085 229 3136 audistis
239 3099 348 3135 causam
359 3089 449 3135 restra
458 3082 556 3134 salutis
564 3098 617 3148 ,mo
626 3099 680 3149 qua
689 3085 817 3135 uenimus.
830 3084 910 3135 Nrtnc
918 3085 1005 3149 iqitur
1014 3085 1079 3150 qecio
1087 3087 1174 3137 oninis
1181 3086 1240 3150 fere
1249 3087 1341 3138 delibe-

110 3185 183 3236 ratio
191 3183 279 3235 cioilis
296 3182 361 3233 utili
368 3187 469 3233 constat
479 3187 502 3232 et
515 3181 631 3244 honesto,
643 3197 676 3233 ea
685 3183 894 3246 precedentibus
905 3183 992 3235 uerbis
1001 3183 1098 3234 sternuite
1109 3183 1181 3235 uobis
1199 3186 1341 3237 materiam

111 3283 218 3337 salutis.
231 3281 380 3334 Honestum
392 3281 490 3347 quippe
507 3285 546 3331 est
556 3279 590 3331 ab
602 3280 666 3331 imis
686 3282 906 3347 concupiscentiis
923 3282 960 3333 ad
976 3282 1064 3333 calica
1075 3282 1162 3333 leuare
1174 3284 1265 3346 corda,
1276 3285 1343 3337 utile

63 3396 94 3449 30
113 3381 231 3435 labentia
242 3380 528 3432 sterniscommutare.
547 3379 717 3444 Consequens
739 3386 776 3431 est
797 3381 875 3431 etiam
887 3381 978 3446 utqui
995 3381 1097 3446 optima
1113 3380 1166 3431 sibi
1176 3380 1264 3433 obluta
1284 3398 1342 3434 con·

112 3479 214 3542 temnit,
221 3478 350 3542 felicitate
361 3476 489 3541 priuatus
497 3476 637 3542 perpetuis
653 3475 828 3542 relinquatur
838 3478 965 3528 miseriis.

152 3574 235 3631 XII.
259 3570 470 3627 Talibusrerbis
480 3577 507 3625 et
516 3572 652 3626 similibus
661 3572 704 3626 his
714 3572 796 3626 beato
806 3572 1192 3626 Clementeastantiumcorda
1202 3572 1343 3626 velutrore

113 3674 214 3728 caelssti
223 3673 410 3743 perfundente,
423 3672 511 3741 gratia
521 3671 636 3741 Spiritus
645 3672 731 3725 sancti
743 3671 913 3725 audientium
924 3687 954 3724 se
965 3670 1094 3724 cordibus
1106 3669 1274 3734 infundebat,
1283 3687 1344 3740 gen·

114 3773 203 3827 tilium
216 3771 443 3826 indocibilitatem
453 3771 636 3835 illuminabat,
649 3770 768 3823 infusum
782 3786 815 3823 ex
825 3770 937 3839 antiquo
951 3785 1088 3824 venenum
1100 3770 1238 3823 mentibus
1247 3785 1343 3823 eorum

64 3888 96 3940 ³5
115 3871 282 3934 effundebat,
294 3870 423 3924 doctrinae
435 3871 563 3924 salamis
581 3886 705 3923 amorem
719 3869 887 3932 infundebat,
899 3869 962 3936 quia
974 3868 1089 3937 Spiritus
1100 3868 1187 3922 sancti
1199 3873 1241 3922 ast
1251 3869 1344 3938 qratiae

115 3970 267 4040 reputanda
278 3970 470 4038 magistrorum
483 3969 607 4023 doctrina
624 3968 874 4037 discipulorumque
889 3967 1039 4035 disciplina.
1051 3968 1162 4020 Frustra
1173 3967 1308 4036 siquidem
1320 3968 1344 4022 si

113 4087 169 4125 non
183 4070 257 4124 intus
269 4069 368 4122 doceat
379 4068 486 4121 divinus
499 4067 616 4137 Spiritus
629 4067 760 4134 animum,
773 4068 869 4121 doctor
878 4067 944 4120 foris
955 4065 1128 4120 administrat
1139 4067 1263 4120 verbum.
1274 4066 1346 4120 Hinc

116 4171 197 4224 beata
208 4167 285 4237 rimo
297 4184 314 4220 a
324 4167 427 4236 ioseph
439 4167 604 4235 desponsata
612 4167 827 4221 sanctificatione
839 4166 925 4220 sancti
934 4165 1049 4235 Spiritus
1058 4166 1236 4230 foecundatur,
1245 4165 1310 4235 quia
1318 4169 1346 4219 et

115 4268 165 4337 ipsi
179 4266 307 4335 praesules
318 4265 402 4318 anulo
416 4264 479 4318 fidei
493 4264 614 4318 ecclesia
626 4264 832 4328 subarrhantur,
850 4264 898 4317 sed
909 4268 1003 4317 tamen
1015 4263 1074 4330 ipsa
1091 4261 1221 4315 divinitus
1232 4261 1346 4316 ecc-lesia

64 4379 96 4434 to
114 4366 188 4422 fldeli
206 4364 282 4433 prole
294 4362 498 4430 multiplicatur.
517 4363 609 4417 Gratia
627 4363 720 4430 itaque
737 4363 836 4417 caelesti
848 4367 969 4416 astantes
980 4360 1137 4430 compuncti
1148 4361 1347 4429 responderunt

114 4463 342 4519 sacerdotizbicet
350 4462 427 4515 nobis
435 4463 565 4516 haetenus
573 4464 628 4515 sint
637 4464 798 4516 inexaudita
806 4470 857 4516 tue
860 4463 1065 4530 predicationis
1073 4461 1255 4526 cerba,tamen
1263 4462 1346 4513 omni·

115 4566 195 4618 moda
213 4565 320 4617 ratione
336 4562 455 4615 subnixa
475 4561 665 4628 approbantur
681 4577 736 4614 esse
747 4563 877 4625 culratim·
887 4568 911 4613 et
929 4562 994 4627 quia
1012 4567 1041 4612 ut
1057 4560 1125 4612 dicis
1144 4576 1162 4610 a
1173 4561 1348 4626 supernisest

116 4666 204 4720 omnis
221 4663 306 4726 salus,
322 4659 494 4716 obsecramus
511 4667 535 4713 te
551 4677 604 4729 per
624 4662 809 4726 illumcujus
828 4668 852 4715 te
867 4661 1007 4730 profiteris
1026 4659 1200 4727 discipulum,
1219 4660 1347 4726 quatinus

215 4793 308 4832 aaran
325 4792 407 4832 saux.
425 4792 450 4829 r.
469 4792 497 4829 n.
1217 4772 1250 4827 ῃ

1352 2038 1358 2047 ·
1372 2004 1386 2037 *
1396 2006 1477 2074 prius
1489 2004 1547 2074 ipsi.
