3270 5400
204 325 276 398 350

537 349 662 400 CATAL.
690 350 793 403 CODD.
820 350 1097 404 naulouunrtssc.

508 615 717 727 appendix
742 613 793 701 ad
818 614 899 703 cod.
926 614 1117 707 9737-38.

503 851 541 895 or.
562 852 678 897 saucro
699 852 822 897 mnoco,
834 833 911 914 (Cir.
928 855 999 916 pag.
1012 834 1123 918 praec.)

204 1023 255 1080 ne
268 1021 393 1080 sancto
412 1021 550 1080 Judoco
564 1021 776 1092 confessore,
792 1021 895 1093 cutus
909 1022 1038 1082 testum
1051 1021 1152 1082 venit
1168 1023 1206 1083 tn
1220 1024 1279 1084 dte
1293 1029 1427 1088 unm

661 1120 781 1180 Lucloe
801 1119 967 1193 virginis.

684 1317 739 1376 Ad
758 1320 953 1390 vesperas.

204 1441 285 1500 Ant.
335 1441 420 1495 Adest
430 1441 488 1495 dies
499 1457 553 1511 qua
564 1442 662 1496 Judoci

335 1541 440 1595 Colitur
451 1541 584 1595 festivitas
594 1561 600 1604 ;

336 1641 406 1695 Hinc
417 1643 564 1695 concordet
575 1658 641 1695 sane
657 1641 717 1695 voci

204 1738 287 1798 ant.

336 1739 443 1792 Novum
456 1739 531 1793 sidus
543 1740 645 1793 mundo
658 1739 736 1803 luxit,

336 1838 404 1892 Cum
417 1838 550 1891 Jndocum
564 1838 617 1891 huc
629 1837 757 1906 produxit

337 1936 619 2006 Regia*sublimitas;

204 2033 287 2093 ant.

337 2034 463 2103 Regnum
475 2039 553 2087 terrra
565 2033 736 2087 conculcavit

334 2133 430 2201 Spreta
441 2130 537 2185 mundi
548 2130 648 2199 gloria;

336 2231 391 2286 Soli
404 2233 461 2285 Deo
472 2230 608 2295 militavit,

280 2370 288 2385 .
338 2331 426 2384 Cessit
437 2328 519 2397 regali
532 2327 609 2391 solio,

336 2429 423 2496 Stirpe
435 2428 532 2481 duclus
544 2425 625 2495 regia,

335 2528 374 2581 Ac
391 2527 535 2582 hominum
548 2525 686 2594 suffragio,

281 2667 288 2681 .
337 2625 537 2678 Collaudabunt
548 2622 628 2676 multi
640 2622 801 2691 sapientiam
817 2622 884 2690 ejus

279 2789 287 2804 .
334 2746 444 2802 Orantis
454 2746 542 2800 sancti
554 2743 668 2799 meritis.

334 3007 497 3078 Hymmidici
509 3008 608 3060 sonent
620 3005 685 3065 toni,

336 3101 370 3154 Ut
382 3100 507 3152 intonent
518 3097 590 3151 dulci
603 3097 663 3150 soni

335 3191 442 3245 Canora
453 3188 629 3257 symphonia;

333 3281 472 3335 Salutares
480 3284 576 3333 assunt
582 3278 638 3345 joci

335 3372 504 3424 Prodeuntes
514 3369 542 3422 in
554 3367 658 3430 Judoci,

333 3460 483 3515 Laudanda
494 3458 646 3514 sollemnia.

729 2896 905 2966 Hymnus.

336 3595 448 3662 Propter
457 3592 603 3655 Christum,
612 3606 693 3658 quem
703 3589 816 3654 amarit,

334 3685 458 3753 Regnum
471 3681 555 3751 patris
566 3681 704 3734 recusarit

336 3777 369 3829 Et
378 3775 437 3843 ejus
446 3773 547 3842 palatia
557 3792 564 3835 ;

335 3867 396 3920 Vita
404 3881 485 3934 egens
495 3863 673 3933 paupertatis,

333 3958 369 4012 Ut
377 3956 492 4010 caelestis
501 3955 632 4009 bonitatis

332 4048 478 4102 Frueretur
489 4046 576 4115 copia.

948 1442 1039 1496 Animi
1057 1444 1208 1504 humilitas,

950 1542 1084 1611 Perquam
1094 1543 1203 1598 solvant
1215 1545 1303 1599 nostri
1313 1547 1366 1615 joci

950 1642 1058 1696 Laudes
1067 1642 1119 1696 sibi
1129 1644 1245 1699 debitas.

950 1741 1034 1809 Cujus
1045 1741 1121 1795 fulsit
1132 1742 1255 1804 interius,

949 1838 1022 1892 Luce
1035 1839 1107 1893 clara
1120 1840 1297 1910 splendidius,

951 1937 1056 1992 blorosa
1070 1940 1248 2007 generositas.

949 2034 1085 2089 Virtutum
1096 2036 1209 2098 militia;
1258 2051 1262 2061 '

950 2131 1019 2186 Suos
1028 2137 1106 2187 actus
1117 2133 1254 2187 dedicavit

949 2231 979 2284 ln
989 2232 1048 2300 ejus
1061 2233 1203 2300 obsequia.

949 2327 1030 2382 Silvae
1039 2333 1135 2396 petens
1144 2329 1227 2383 deria

950 2426 981 2479 ln
994 2427 1113 2479 terarum
1123 2442 1172 2495 pro
1183 2427 1267 2492 socio,

950 2525 1086 2579 Mendicat
1097 2525 1210 2580 cibaria.

945 3007 987 3060 Ad
999 3006 1114 3061 nihilum
1126 3008 1172 3061 hic
1184 3008 1289 3078 redegit

947 3097 1039 3151 blandi
1048 3115 1189 3167 pompam,
1198 3116 1229 3154 ac
1243 3099 1322 3169 elegit

948 3188 1039 3242 Vitam
1051 3189 1218 3255 solitariam

946 3278 1093 3333 Heremitae
1106 3284 1201 3349 typum
1214 3282 1305 3349 gessit,

947 3367 1164 3437 blacerandoque
1173 3370 1307 3438 depressit

946 3459 981 3512 Se
992 3475 1040 3527 per
1051 3459 1256 3514 abstinentiam.

946 3590 1082 3645 Judocum
1096 3591 1167 3645 inter
1176 3596 1268 3647 cetera

945 3681 1091 3736 Terrarum
1102 3696 1194 3736 rerum
1205 3699 1289 3752 opera

949 3773 1055 3826 Laudat
1067 3774 1121 3827 hoc
1132 3773 1296 3830 miraculum
1308 3793 1315 3829 r

947 3863 1123 3932 Peregrinum
1136 3881 1220 3933 quem
1232 3865 1360 3920 cremavit

947 3954 1025 4022 Ignis,
1036 3955 1160 4009 Christus
1172 3955 1299 4010 liberavit

946 4044 988 4097 Ad
1000 4045 1096 4100 lodoci
1109 4046 1228 4102 titulum.

594 4175 674 4228 Hunc
685 4180 831 4243 patronum
844 4174 1040 4241 collaudemus,

595 4265 788 4319 collaudantes
799 4265 979 4334 imploremus

593 4356 658 4424 Ejus
669 4355 820 4424 patrocinia
829 4375 835 4418 ;

593 4445 630 4500 Ut
642 4446 708 4500 vitia
719 4447 884 4516 repellamus

592 4537 746 4592 Virtutibus
757 4539 905 4592 floreamus

592 4628 644 4682 Per
655 4629 714 4697 ejus
726 4629 864 4698 suffragia

249 4745 281 4813 il.
329 4745 366 4800 Os
376 4743 443 4813 justi
454 4743 631 4799 meditabitur
643 4744 814 4814 sapientiam.
