<?xml version="1.0" encoding="UTF-8"?>
<!DOCTYPE html PUBLIC "-//W3C//DTD XHTML 1.0 Transitional//EN"
    "http://www.w3.org/TR/xhtml1/DTD/xhtml1-transitional.dtd">
<html xmlns="http://www.w3.org/1999/xhtml" xml:lang="en" lang="en">
 <head>
  <title>
</title>
<meta http-equiv="Content-Type" content="text/html;charset=utf-8" />
  <meta name='ocr-system' content='tesseract 3.04.00' />
  <meta name='ocr-capabilities' content='ocr_page ocr_carea ocr_par ocr_line ocrx_word'/>
</head>
<body>
  <div class='ocr_page' id='page_1' title='image "./cataloguscodicu00belggoog_0029.png"; bbox 0 0 3270 5400; ppageno 0'>
   <div class='ocr_carea' id='block_1_1' title="bbox 194 339 1082 415">
    <p class='ocr_par' dir='ltr' id='par_1_1' title="bbox 194 339 1082 415">
     <span class='ocr_line' id='line_1_1' title="bbox 194 339 1082 415; baseline 0.002 -3"><span class='ocrx_word' id='word_1_1' title='bbox 194 339 239 412; x_wconf 90' lang='grc'>10</span> <span class='ocrx_word' id='word_1_2' title='bbox 524 359 649 413; x_wconf 79' lang='lat' dir='ltr'>onaan.</span> <span class='ocrx_word' id='word_1_3' title='bbox 677 362 780 415; x_wconf 88' lang='lat' dir='ltr'>cono.</span> <span class='ocrx_word' id='word_1_4' title='bbox 806 360 1082 414; x_wconf 79' lang='lat' dir='ltr'>nnoroonarmc.</span> 
     </span>
    </p>
   </div>
   <div class='ocr_carea' id='block_1_2' title="bbox 224 550 1415 867">
    <p class='ocr_par' dir='ltr' id='par_1_2' title="bbox 224 550 1415 867">
     <span class='ocr_line' id='line_1_2' title="bbox 289 550 1415 649; baseline 0.006 -25"><span class='ocrx_word' id='word_1_5' title='bbox 289 554 350 624; x_wconf 81' lang='grc' dir='ltr'>71ο</span> <span class='ocrx_word' id='word_1_6' title='bbox 374 550 460 624; x_wconf 88' lang='lat' dir='ltr'>Vita</span> <span class='ocrx_word' id='word_1_7' title='bbox 475 550 663 624; x_wconf 84' lang='lat' dir='ltr'>Adaleidae</span> <span class='ocrx_word' id='word_1_8' title='bbox 688 551 928 626; x_wconf 88' lang='lat' dir='ltr'>nobilissimae</span> <span class='ocrx_word' id='word_1_9' title='bbox 950 553 1190 645; x_wconf 79' lang='lat' dir='ltr'>imperatricis</span> <span class='ocrx_word' id='word_1_10' title='bbox 1215 557 1293 649; x_wconf 87' lang='lat' dir='ltr'>(fol.</span> <span class='ocrx_word' id='word_1_11' title='bbox 1315 558 1415 631; x_wconf 57' lang='lat'>163*-</span> 
     </span>
     <span class='ocr_line' id='line_1_3' title="bbox 343 668 449 758; baseline 0.009 -20"><span class='ocrx_word' id='word_1_12' title='bbox 343 668 449 758; x_wconf 56' lang='lat' dir='ltr'>taor).</span> 
     </span>
     <span class='ocr_line' id='line_1_4' title="bbox 224 795 1176 867; baseline 0.004 -18"><span class='ocrx_word' id='word_1_13' title='bbox 224 795 303 849; x_wconf 79' lang='lat' dir='ltr'>ndito</span> <span class='ocrx_word' id='word_1_14' title='bbox 314 812 365 865; x_wconf 93' lang='lat' dir='ltr'>ope</span> <span class='ocrx_word' id='word_1_15' title='bbox 376 797 460 864; x_wconf 89' lang='lat' dir='ltr'>hujus</span> <span class='ocrx_word' id='word_1_16' title='bbox 473 796 531 850; x_wconf 90' lang='lat' dir='ltr'>cod.</span> <span class='ocrx_word' id='word_1_17' title='bbox 544 796 572 849; x_wconf 91' lang='lat' dir='ltr'>in</span> <span class='ocrx_word' id='word_1_18' title='bbox 584 797 702 849; x_wconf 77' lang='lat' dir='ltr'>Manum.</span> <span class='ocrx_word' id='word_1_19' title='bbox 716 799 813 863; x_wconf 80' lang='lat' dir='ltr'>Germ,</span> <span class='ocrx_word' id='word_1_20' title='bbox 823 796 878 850; x_wconf 86' lang='lat' dir='ltr'>Sor.</span> <span class='ocrx_word' id='word_1_21' title='bbox 888 802 954 851; x_wconf 89' lang='lat' dir='ltr'>torn.</span> <span class='ocrx_word' id='word_1_22' title='bbox 967 798 1010 864; x_wconf 87' lang='lat' dir='ltr'>1v,</span> <span class='ocrx_word' id='word_1_23' title='bbox 1022 815 1046 867; x_wconf 90' lang='lat' dir='ltr'>p.</span> <span class='ocrx_word' id='word_1_24' title='bbox 1060 799 1176 853; x_wconf 68' lang='lat' dir='ltr'>tat-645.</span> 
     </span>
    </p>
   </div>
   <div class='ocr_carea' id='block_1_3' title="bbox 223 895 1415 1336">
    <p class='ocr_par' dir='ltr' id='par_1_3' title="bbox 223 895 1415 1336">
     <span class='ocr_line' id='line_1_5' title="bbox 291 895 1415 993; baseline 0.004 -25"><span class='ocrx_word' id='word_1_25' title='bbox 291 897 351 968; x_wconf 67' lang='lat' dir='ltr'>7f⁰</span> <span class='ocrx_word' id='word_1_26' title='bbox 375 896 514 969; x_wconf 85' lang='lat' dir='ltr'><strong>Versus</strong></span> <span class='ocrx_word' id='word_1_27' title='bbox 548 895 674 969; x_wconf 85' lang='lat' dir='ltr'>Garini</span> <span class='ocrx_word' id='word_1_28' title='bbox 707 895 825 969; x_wconf 89' lang='lat' dir='ltr'>clerici</span> <span class='ocrx_word' id='word_1_29' title='bbox 862 895 913 988; x_wconf 90' lang='lat' dir='ltr'>[in</span> <span class='ocrx_word' id='word_1_30' title='bbox 946 898 1093 970; x_wconf 89' lang='lat' dir='ltr'>laudern</span> <span class='ocrx_word' id='word_1_31' title='bbox 1127 899 1306 993; x_wconf 86' lang='lat' dir='ltr'>ejusdem]</span> <span class='ocrx_word' id='word_1_32' title='bbox 1337 900 1415 993; x_wconf 87' lang='lat' dir='ltr'>(fol.</span> 
     </span>
     <span class='ocr_line' id='line_1_6' title="bbox 223 1013 488 1210; baseline 0 -16"><span class='ocrx_word' id='word_1_33' title='bbox 223 1013 488 1210; x_wconf 43' lang='lat' dir='ltr'>nurururbffibaa.</span> 
     </span>
     <span class='ocr_line' id='line_1_7' title="bbox 290 1238 1289 1336; baseline 0.005 -25"><span class='ocrx_word' id='word_1_34' title='bbox 290 1241 351 1312; x_wconf 85' lang='lat'>73⁰</span> <span class='ocrx_word' id='word_1_35' title='bbox 376 1239 462 1312; x_wconf 90' lang='lat' dir='ltr'>Vita</span> <span class='ocrx_word' id='word_1_36' title='bbox 478 1238 597 1313; x_wconf 88' lang='lat' dir='ltr'>sancti</span> <span class='ocrx_word' id='word_1_37' title='bbox 610 1238 800 1311; x_wconf 87' lang='lat' dir='ltr'>Columbae</span> <span class='ocrx_word' id='word_1_38' title='bbox 817 1239 1289 1336; x_wconf 68' lang='lat' dir='ltr'>abbatis(fol..167¹-1ou).</span> 
     </span>
    </p>
   </div>
   <div class='ocr_carea' id='block_1_4' title="bbox 189 1366 1415 1521">
    <p class='ocr_par' dir='ltr' id='par_1_4' title="bbox 189 1366 1415 1521">
     <span class='ocr_line' id='line_1_8' title="bbox 223 1366 1415 1437; baseline 0.003 -16"><span class='ocrx_word' id='word_1_39' title='bbox 223 1367 303 1421; x_wconf 85' lang='lat' dir='ltr'>Edita</span> <span class='ocrx_word' id='word_1_40' title='bbox 314 1367 342 1421; x_wconf 92' lang='lat' dir='ltr'>in</span> <span class='ocrx_word' id='word_1_41' title='bbox 354 1370 411 1422; x_wconf 80' lang='lat' dir='ltr'>Act.</span> <span class='ocrx_word' id='word_1_42' title='bbox 422 1369 477 1432; x_wconf 78' lang='lat' dir='ltr'>SS,</span> <span class='ocrx_word' id='word_1_43' title='bbox 490 1367 525 1421; x_wconf 85' lang='lat' dir='ltr'>nd</span> <span class='ocrx_word' id='word_1_44' title='bbox 535 1368 560 1420; x_wconf 91' lang='lat' dir='ltr'>d.</span> <span class='ocrx_word' id='word_1_45' title='bbox 572 1366 677 1431; x_wconf 77' lang='lat' dir='ltr'>etunii,</span> <span class='ocrx_word' id='word_1_46' title='bbox 690 1370 756 1421; x_wconf 85' lang='lat' dir='ltr'>tom.</span> <span class='ocrx_word' id='word_1_47' title='bbox 765 1368 798 1431; x_wconf 89' lang='grc' dir='ltr'>ΙΙ,</span> <span class='ocrx_word' id='word_1_48' title='bbox 811 1385 837 1437; x_wconf 89' lang='lat' dir='ltr'>p.</span> <span class='ocrx_word' id='word_1_49' title='bbox 855 1368 971 1422; x_wconf 61' lang='lat'><strong>185189.</strong></span> <span class='ocrx_word' id='word_1_50' title='bbox 988 1400 1019 1407; x_wconf 92' lang='lat'>—</span> <span class='ocrx_word' id='word_1_51' title='bbox 1038 1370 1069 1423; x_wconf 93' lang='lat' dir='ltr'>ln</span> <span class='ocrx_word' id='word_1_52' title='bbox 1081 1371 1140 1424; x_wconf 89' lang='lat' dir='ltr'>cod.</span> <span class='ocrx_word' id='word_1_53' title='bbox 1157 1371 1249 1424; x_wconf 70' lang='lat' dir='ltr'>multae</span> <span class='ocrx_word' id='word_1_54' title='bbox 1268 1376 1415 1427; x_wconf 87' lang='lat' dir='ltr'>occurrunt</span> 
     </span>
     <span class='ocr_line' id='line_1_9' title="bbox 189 1466 477 1521; baseline 0.003 -2"><span class='ocrx_word' id='word_1_55' title='bbox 189 1466 321 1521; x_wconf 84' lang='lat' dir='ltr'>lectiones</span> <span class='ocrx_word' id='word_1_56' title='bbox 333 1466 477 1520; x_wconf 83' lang='lat' dir='ltr'>variantes.</span> 
     </span>
    </p>
   </div>
   <div class='ocr_carea' id='block_1_5' title="bbox 537 1916 1071 2026">
    <p class='ocr_par' dir='ltr' id='par_1_5' title="bbox 537 1916 1071 2026">
     <span class='ocr_line' id='line_1_10' title="bbox 537 1916 1071 2026; baseline 0.009 -25"><span class='ocrx_word' id='word_1_57' title='bbox 537 1916 746 2026; x_wconf 84' lang='lat' dir='ltr'>Appendix</span> <span class='ocrx_word' id='word_1_58' title='bbox 769 1916 820 2003; x_wconf 90' lang='lat' dir='ltr'>ad</span> <span class='ocrx_word' id='word_1_59' title='bbox 844 1918 926 2005; x_wconf 89' lang='lat' dir='ltr'>eod.</span> <span class='ocrx_word' id='word_1_60' title='bbox 956 1919 1071 2008; x_wconf 81' lang='lat'><strong>7460.</strong></span> 
     </span>
    </p>
   </div>
   <div class='ocr_carea' id='block_1_6' title="bbox 216 2135 1392 2221">
    <p class='ocr_par' dir='ltr' id='par_1_6' title="bbox 216 2135 1392 2221">
     <span class='ocr_line' id='line_1_11' title="bbox 216 2135 1392 2221; baseline 0.004 -23"><span class='ocrx_word' id='word_1_61' title='bbox 216 2155 254 2198; x_wconf 88' lang='lat' dir='ltr'>nn</span> <span class='ocrx_word' id='word_1_62' title='bbox 276 2154 301 2197; x_wconf 92' lang='lat' dir='ltr'>s.</span> <span class='ocrx_word' id='word_1_63' title='bbox 324 2153 497 2198; x_wconf 72' lang='lat' dir='ltr'>norlrrauo</span> <span class='ocrx_word' id='word_1_64' title='bbox 518 2154 756 2197; x_wconf 77' lang='lat' dir='ltr'>aocnmerscoro</span> <span class='ocrx_word' id='word_1_65' title='bbox 777 2154 914 2199; x_wconf 78' lang='lat' dir='ltr'>nnususr.</span> <span class='ocrx_word' id='word_1_66' title='bbox 937 2135 1015 2218; x_wconf 84' lang='lat' dir='ltr'>(Cir.</span> <span class='ocrx_word' id='word_1_67' title='bbox 1038 2156 1145 2219; x_wconf 90' lang='lat' dir='ltr'>supra,</span> <span class='ocrx_word' id='word_1_68' title='bbox 1168 2157 1240 2219; x_wconf 93' lang='lat' dir='ltr'>pag.</span> <span class='ocrx_word' id='word_1_69' title='bbox 1262 2139 1291 2216; x_wconf 78' lang='lat'>4,</span> <span class='ocrx_word' id='word_1_70' title='bbox 1314 2139 1392 2221; x_wconf 71' lang='lat'><strong>23⁰.)</strong></span> 
     </span>
    </p>
   </div>
   <div class='ocr_carea' id='block_1_7' title="bbox 187 2332 1467 4776">
    <p class='ocr_par' dir='ltr' id='par_1_7' title="bbox 224 2332 885 2400">
     <span class='ocr_line' id='line_1_12' title="bbox 224 2332 885 2400; baseline -0.005 -13"><span class='ocrx_word' id='word_1_71' title='bbox 224 2334 287 2387; x_wconf 81' lang='lat' dir='ltr'>Post</span> <span class='ocrx_word' id='word_1_72' title='bbox 299 2334 405 2386; x_wconf 79' lang='lat' dir='ltr'>verbum</span> <span class='ocrx_word' id='word_1_73' title='bbox 418 2337 520 2386; x_wconf 77' lang='lat' dir='ltr'>aterna</span> <span class='ocrx_word' id='word_1_74' title='bbox 533 2332 617 2399; x_wconf 74' lang='lat' dir='ltr'>(rrum.</span> <span class='ocrx_word' id='word_1_75' title='bbox 631 2333 674 2398; x_wconf 78' lang='lat'>39)</span> <span class='ocrx_word' id='word_1_76' title='bbox 684 2335 773 2400; x_wconf 71' lang='lat' dir='ltr'>pergit</span> <span class='ocrx_word' id='word_1_77' title='bbox 784 2335 885 2385; x_wconf 77' lang='lat' dir='ltr'>codex:</span> 
     </span>
    </p>

    <p class='ocr_par' dir='ltr' id='par_1_8' title="bbox 187 2431 1467 4776">
     <span class='ocr_line' id='line_1_13' title="bbox 223 2431 1419 2503; baseline 0.003 -18"><span class='ocrx_word' id='word_1_78' title='bbox 223 2432 266 2485; x_wconf 84' lang='lat' dir='ltr'>Ad</span> <span class='ocrx_word' id='word_1_79' title='bbox 277 2433 329 2485; x_wconf 86' lang='lat' dir='ltr'>has</span> <span class='ocrx_word' id='word_1_80' title='bbox 341 2448 450 2501; x_wconf 90' lang='lat' dir='ltr'>quoque</span> <span class='ocrx_word' id='word_1_81' title='bbox 467 2432 635 2500; x_wconf 83' lang='lat' dir='ltr'>peragendas</span> <span class='ocrx_word' id='word_1_82' title='bbox 651 2431 737 2485; x_wconf 85' lang='lat' dir='ltr'>divini</span> <span class='ocrx_word' id='word_1_83' title='bbox 749 2431 870 2485; x_wconf 88' lang='lat' dir='ltr'>muneris</span> <span class='ocrx_word' id='word_1_84' title='bbox 884 2436 982 2501; x_wconf 85' lang='lat' dir='ltr'>partes,</span> <span class='ocrx_word' id='word_1_85' title='bbox 994 2433 1072 2500; x_wconf 82' lang='lat' dir='ltr'>quasi</span> <span class='ocrx_word' id='word_1_86' title='bbox 1084 2435 1222 2503; x_wconf 87' lang='lat' dir='ltr'>quoddam</span> <span class='ocrx_word' id='word_1_87' title='bbox 1238 2435 1419 2489; x_wconf 88' lang='lat' dir='ltr'>commonito·</span> 
     </span>
     <span class='ocr_line' id='line_1_14' title="bbox 190 2530 1419 2603; baseline 0.002 -16"><span class='ocrx_word' id='word_1_88' title='bbox 190 2533 261 2587; x_wconf 90' lang='lat' dir='ltr'>rium</span> <span class='ocrx_word' id='word_1_89' title='bbox 279 2531 413 2586; x_wconf 85' lang='lat' dir='ltr'>Dominus</span> <span class='ocrx_word' id='word_1_90' title='bbox 425 2531 474 2585; x_wconf 91' lang='lat' dir='ltr'>tibi</span> <span class='ocrx_word' id='word_1_91' title='bbox 487 2530 597 2584; x_wconf 74' lang='lat' dir='ltr'>tradidit</span> <span class='ocrx_word' id='word_1_92' title='bbox 614 2531 757 2598; x_wconf 85' lang='lat' dir='ltr'>conjugem</span> <span class='ocrx_word' id='word_1_93' title='bbox 770 2531 882 2595; x_wconf 88' lang='lat' dir='ltr'>sociam,</span> <span class='ocrx_word' id='word_1_94' title='bbox 893 2531 987 2584; x_wconf 91' lang='lat' dir='ltr'>domni</span> <span class='ocrx_word' id='word_1_95' title='bbox 1000 2532 1108 2586; x_wconf 90' lang='lat' dir='ltr'>Henrici</span> <span class='ocrx_word' id='word_1_96' title='bbox 1121 2533 1190 2603; x_wconf 81' lang='lat' dir='ltr'>regis</span> <span class='ocrx_word' id='word_1_97' title='bbox 1201 2551 1368 2602; x_wconf 76' lang='lat' dir='ltr'>germanam,</span> <span class='ocrx_word' id='word_1_98' title='bbox 1380 2536 1419 2590; x_wconf 85' lang='lat' dir='ltr'>sic</span> 
     </span>
     <span class='ocr_line' id='line_1_15' title="bbox 189 2611 1419 2698; baseline 0.002 -12"><span class='ocrx_word' id='word_1_99' title='bbox 189 2631 341 2686; x_wconf 74' lang='lat' dir='ltr'>nobilitatis</span> <span class='ocrx_word' id='word_1_100' title='bbox 353 2629 438 2684; x_wconf 90' lang='lat' dir='ltr'>titulis</span> <span class='ocrx_word' id='word_1_101' title='bbox 455 2629 595 2698; x_wconf 79' lang='lat' dir='ltr'>fulgidam,</span> <span class='ocrx_word' id='word_1_102' title='bbox 611 2630 650 2683; x_wconf 92' lang='lat' dir='ltr'>sic</span> <span class='ocrx_word' id='word_1_103' title='bbox 667 2629 819 2682; x_wconf 88' lang='lat' dir='ltr'>litterarum</span> <span class='ocrx_word' id='word_1_104' title='bbox 837 2629 984 2698; x_wconf 89' lang='lat' dir='ltr'>disciplinis</span> <span class='ocrx_word' id='word_1_105' title='bbox 1001 2630 1144 2696; x_wconf 88' lang='lat' dir='ltr'>imbutam,</span> <span class='ocrx_word' id='word_1_106' title='bbox 1162 2632 1199 2685; x_wconf 88' lang='lat' dir='ltr'>sie</span> <span class='ocrx_word' id='word_1_107' title='bbox 1218 2611 1419 2689; x_wconf 83' lang='lat' dir='ltr'>honestissimis</span> 
     </span>
     <span class='ocr_line' id='line_1_16' title="bbox 189 2728 1452 2804; baseline 0.002 -21"><span class='ocrx_word' id='word_1_108' title='bbox 189 2746 299 2784; x_wconf 90' lang='lat' dir='ltr'>morum</span> <span class='ocrx_word' id='word_1_109' title='bbox 311 2729 421 2783; x_wconf 92' lang='lat' dir='ltr'>dotibus</span> <span class='ocrx_word' id='word_1_110' title='bbox 433 2729 602 2791; x_wconf 85' lang='lat' dir='ltr'>edomatam,</span> <span class='ocrx_word' id='word_1_111' title='bbox 611 2733 642 2782; x_wconf 90' lang='lat' dir='ltr'>ut</span> <span class='ocrx_word' id='word_1_112' title='bbox 657 2730 761 2780; x_wconf 88' lang='lat' dir='ltr'>ceteras</span> <span class='ocrx_word' id='word_1_113' title='bbox 776 2728 982 2795; x_wconf 88' lang='lat' dir='ltr'>supereminens</span> <span class='ocrx_word' id='word_1_114' title='bbox 998 2744 1082 2782; x_wconf 91' lang='lat' dir='ltr'>nurus</span> <span class='ocrx_word' id='word_1_115' title='bbox 1097 2730 1223 2784; x_wconf 79' lang='lat' dir='ltr'>videatur</span> <span class='ocrx_word' id='word_1_116' title='bbox 1235 2736 1293 2785; x_wconf 88' lang='lat' dir='ltr'>tota</span> <span class='ocrx_word' id='word_1_117' title='bbox 1304 2732 1419 2786; x_wconf 87' lang='lat' dir='ltr'>scientia</span> <span class='ocrx_word' id='word_1_118' title='bbox 1436 2755 1452 2804; x_wconf 75' lang='lat' dir='ltr'>g</span> 
     </span>
     <span class='ocr_line' id='line_1_17' title="bbox 190 2825 1417 2896; baseline 0.001 -14"><span class='ocrx_word' id='word_1_119' title='bbox 190 2829 392 2896; x_wconf 79' lang='lat' dir='ltr'>virtutibusque</span> <span class='ocrx_word' id='word_1_120' title='bbox 410 2826 569 2895; x_wconf 87' lang='lat' dir='ltr'>composita.</span> <span class='ocrx_word' id='word_1_121' title='bbox 587 2825 676 2892; x_wconf 90' lang='lat' dir='ltr'>Quam</span> <span class='ocrx_word' id='word_1_122' title='bbox 697 2829 812 2878; x_wconf 84' lang='lat' dir='ltr'>eromat</span> <span class='ocrx_word' id='word_1_123' title='bbox 832 2825 859 2878; x_wconf 91' lang='lat' dir='ltr'>in</span> <span class='ocrx_word' id='word_1_124' title='bbox 877 2825 1056 2894; x_wconf 82' lang='lat' dir='ltr'>eleemosynis</span> <span class='ocrx_word' id='word_1_125' title='bbox 1076 2826 1194 2896; x_wconf 78' lang='lat' dir='ltr'>largitae,</span> <span class='ocrx_word' id='word_1_126' title='bbox 1211 2828 1239 2881; x_wconf 92' lang='lat' dir='ltr'>in</span> <span class='ocrx_word' id='word_1_127' title='bbox 1256 2829 1417 2883; x_wconf 85' lang='lat' dir='ltr'>affabilitate</span> 
     </span>
     <span class='ocr_line' id='line_1_18' title="bbox 189 2910 1417 2997; baseline 0.001 -17"><span class='ocrx_word' id='word_1_128' title='bbox 189 2927 351 2994; x_wconf 86' lang='lat' dir='ltr'>benignitas,</span> <span class='ocrx_word' id='word_1_129' title='bbox 362 2927 390 2980; x_wconf 93' lang='lat' dir='ltr'>in</span> <span class='ocrx_word' id='word_1_130' title='bbox 408 2926 616 2980; x_wconf 85' lang='lat' dir='ltr'>conversatione</span> <span class='ocrx_word' id='word_1_131' title='bbox 632 2925 799 2988; x_wconf 83' lang='lat' dir='ltr'>humanitas,</span> <span class='ocrx_word' id='word_1_132' title='bbox 817 2926 845 2979; x_wconf 91' lang='lat' dir='ltr'>in</span> <span class='ocrx_word' id='word_1_133' title='bbox 862 2926 1026 2979; x_wconf 88' lang='lat' dir='ltr'>abstinentia</span> <span class='ocrx_word' id='word_1_134' title='bbox 1043 2927 1185 2992; x_wconf 86' lang='lat' dir='ltr'>sobrietas,</span> <span class='ocrx_word' id='word_1_135' title='bbox 1197 2928 1225 2980; x_wconf 91' lang='lat' dir='ltr'>in</span> <span class='ocrx_word' id='word_1_136' title='bbox 1243 2927 1341 2996; x_wconf 84' lang='lat' dir='ltr'>vigiliis</span> <span class='ocrx_word' id='word_1_137' title='bbox 1357 2910 1417 2997; x_wconf 84' lang='lat' dir='ltr'>per-</span> 
     </span>
     <span class='ocr_line' id='line_1_19' title="bbox 189 3024 1417 3093; baseline 0.002 -14"><span class='ocrx_word' id='word_1_138' title='bbox 189 3026 320 3092; x_wconf 88' lang='lat' dir='ltr'>noctatio,</span> <span class='ocrx_word' id='word_1_139' title='bbox 333 3026 360 3079; x_wconf 91' lang='lat' dir='ltr'>in</span> <span class='ocrx_word' id='word_1_140' title='bbox 371 3025 495 3079; x_wconf 86' lang='lat' dir='ltr'>oratione</span> <span class='ocrx_word' id='word_1_141' title='bbox 506 3025 624 3078; x_wconf 78' lang='lat' dir='ltr'>devotio.</span> <span class='ocrx_word' id='word_1_142' title='bbox 636 3024 774 3093; x_wconf 89' lang='lat' dir='ltr'>Quidquid</span> <span class='ocrx_word' id='word_1_143' title='bbox 785 3041 893 3078; x_wconf 88' lang='lat' dir='ltr'>morum</span> <span class='ocrx_word' id='word_1_144' title='bbox 907 3026 1064 3093; x_wconf 74' lang='lat' dir='ltr'>prudentie,</span> <span class='ocrx_word' id='word_1_145' title='bbox 1077 3027 1207 3080; x_wconf 75' lang='lat' dir='ltr'>doctrinae</span> <span class='ocrx_word' id='word_1_146' title='bbox 1225 3031 1252 3080; x_wconf 92' lang='lat' dir='ltr'>et</span> <span class='ocrx_word' id='word_1_147' title='bbox 1263 3029 1417 3082; x_wconf 78' lang='lat' dir='ltr'>venustatis</span> 
     </span>
     <span class='ocr_line' id='line_1_20' title="bbox 189 3123 1418 3196; baseline 0.003 -18"><span class='ocrx_word' id='word_1_148' title='bbox 189 3123 219 3178; x_wconf 92' lang='lat' dir='ltr'>in</span> <span class='ocrx_word' id='word_1_149' title='bbox 230 3124 357 3178; x_wconf 83' lang='lat' dir='ltr'>muliebri</span> <span class='ocrx_word' id='word_1_150' title='bbox 368 3141 435 3179; x_wconf 88' lang='lat' dir='ltr'>sexu</span> <span class='ocrx_word' id='word_1_151' title='bbox 447 3124 546 3195; x_wconf 89' lang='lat' dir='ltr'>poterit</span> <span class='ocrx_word' id='word_1_152' title='bbox 560 3124 684 3185; x_wconf 82' lang='lat' dir='ltr'>inveniri,</span> <span class='ocrx_word' id='word_1_153' title='bbox 697 3128 784 3177; x_wconf 91' lang='lat' dir='ltr'>totum</span> <span class='ocrx_word' id='word_1_154' title='bbox 802 3124 841 3177; x_wconf 91' lang='lat' dir='ltr'>illi</span> <span class='ocrx_word' id='word_1_155' title='bbox 858 3129 957 3177; x_wconf 87' lang='lat' dir='ltr'>natura</span> <span class='ocrx_word' id='word_1_156' title='bbox 973 3142 1071 3193; x_wconf 88' lang='lat' dir='ltr'>parens</span> <span class='ocrx_word' id='word_1_157' title='bbox 1088 3125 1287 3180; x_wconf 87' lang='lat' dir='ltr'>ministratione</span> <span class='ocrx_word' id='word_1_158' title='bbox 1300 3127 1418 3196; x_wconf 88' lang='lat' dir='ltr'>benigna</span> 
     </span>
     <span class='ocr_line' id='line_1_21' title="bbox 191 3222 1467 3297; baseline 0.002 -20"><span class='ocrx_word' id='word_1_159' title='bbox 191 3224 332 3285; x_wconf 86' lang='lat' dir='ltr'>concessit,</span> <span class='ocrx_word' id='word_1_160' title='bbox 344 3224 455 3292; x_wconf 76' lang='lat' dir='ltr'>praescia</span> <span class='ocrx_word' id='word_1_161' title='bbox 463 3223 538 3276; x_wconf 87' lang='lat' dir='ltr'>illam</span> <span class='ocrx_word' id='word_1_162' title='bbox 551 3223 600 3277; x_wconf 90' lang='lat' dir='ltr'>tibi</span> <span class='ocrx_word' id='word_1_163' title='bbox 611 3223 659 3276; x_wconf 85' lang='lat' dir='ltr'>tali</span> <span class='ocrx_word' id='word_1_164' title='bbox 667 3227 799 3290; x_wconf 88' lang='lat' dir='ltr'>tantoque</span> <span class='ocrx_word' id='word_1_165' title='bbox 808 3223 866 3276; x_wconf 83' lang='lat' dir='ltr'>viro</span> <span class='ocrx_word' id='word_1_166' title='bbox 877 3222 934 3275; x_wconf 90' lang='lat' dir='ltr'>fore</span> <span class='ocrx_word' id='word_1_167' title='bbox 944 3223 1096 3287; x_wconf 87' lang='lat' dir='ltr'>dicandam,</span> <span class='ocrx_word' id='word_1_168' title='bbox 1106 3240 1161 3291; x_wconf 89' lang='lat' dir='ltr'>quo</span> <span class='ocrx_word' id='word_1_169' title='bbox 1171 3224 1291 3278; x_wconf 90' lang='lat' dir='ltr'>nobilior</span> <span class='ocrx_word' id='word_1_170' title='bbox 1300 3226 1344 3279; x_wconf 83' lang='lat' dir='ltr'>vel</span> <span class='ocrx_word' id='word_1_171' title='bbox 1352 3243 1416 3295; x_wconf 91' lang='lat' dir='ltr'>pru·</span> <span class='ocrx_word' id='word_1_172' title='bbox 1435 3247 1467 3297; x_wconf 74' lang='lat'>40</span> 
     </span>
     <span class='ocr_line' id='line_1_22' title="bbox 190 3321 1418 3394; baseline 0.002 -18"><span class='ocrx_word' id='word_1_173' title='bbox 190 3322 300 3376; x_wconf 88' lang='lat' dir='ltr'>dentior</span> <span class='ocrx_word' id='word_1_174' title='bbox 316 3322 343 3375; x_wconf 91' lang='lat' dir='ltr'>in</span> <span class='ocrx_word' id='word_1_175' title='bbox 355 3323 478 3375; x_wconf 89' lang='lat' dir='ltr'>humano</span> <span class='ocrx_word' id='word_1_176' title='bbox 487 3338 586 3390; x_wconf 87' lang='lat' dir='ltr'>genere</span> <span class='ocrx_word' id='word_1_177' title='bbox 603 3322 649 3375; x_wconf 80' lang='lat' dir='ltr'>vix</span> <span class='ocrx_word' id='word_1_178' title='bbox 661 3325 743 3390; x_wconf 85' lang='lat' dir='ltr'>queat</span> <span class='ocrx_word' id='word_1_179' title='bbox 755 3321 853 3389; x_wconf 90' lang='lat' dir='ltr'>aliquis</span> <span class='ocrx_word' id='word_1_180' title='bbox 862 3321 985 3375; x_wconf 84' lang='lat' dir='ltr'>inveniri.</span> <span class='ocrx_word' id='word_1_181' title='bbox 997 3321 1123 3375; x_wconf 89' lang='lat' dir='ltr'>Numnne</span> <span class='ocrx_word' id='word_1_182' title='bbox 1136 3323 1169 3375; x_wconf 91' lang='lat' dir='ltr'>de</span> <span class='ocrx_word' id='word_1_183' title='bbox 1182 3323 1293 3391; x_wconf 73' lang='lat' dir='ltr'>egregiae</span> <span class='ocrx_word' id='word_1_184' title='bbox 1306 3341 1418 3394; x_wconf 89' lang='lat' dir='ltr'>quoque</span> 
     </span>
     <span class='ocr_line' id='line_1_23' title="bbox 190 3420 1418 3489; baseline 0.002 -15"><span class='ocrx_word' id='word_1_185' title='bbox 190 3421 294 3475; x_wconf 85' lang='lat' dir='ltr'>sobolis</span> <span class='ocrx_word' id='word_1_186' title='bbox 304 3420 476 3474; x_wconf 83' lang='lat' dir='ltr'>successione</span> <span class='ocrx_word' id='word_1_187' title='bbox 490 3421 627 3484; x_wconf 88' lang='lat' dir='ltr'>reticeam,</span> <span class='ocrx_word' id='word_1_188' title='bbox 638 3437 693 3489; x_wconf 89' lang='lat' dir='ltr'>qua</span> <span class='ocrx_word' id='word_1_189' title='bbox 705 3420 838 3473; x_wconf 89' lang='lat' dir='ltr'>Dominus</span> <span class='ocrx_word' id='word_1_190' title='bbox 849 3421 888 3472; x_wconf 87' lang='lat' dir='ltr'>sic</span> <span class='ocrx_word' id='word_1_191' title='bbox 900 3424 953 3473; x_wconf 79' lang='lat' dir='ltr'>ture</span> <span class='ocrx_word' id='word_1_192' title='bbox 965 3420 1084 3488; x_wconf 84' lang='lat' dir='ltr'>providit</span> <span class='ocrx_word' id='word_1_193' title='bbox 1098 3422 1258 3489; x_wconf 87' lang='lat' dir='ltr'>posteritati,</span> <span class='ocrx_word' id='word_1_194' title='bbox 1267 3427 1298 3475; x_wconf 90' lang='lat' dir='ltr'>ut</span> <span class='ocrx_word' id='word_1_195' title='bbox 1312 3423 1418 3477; x_wconf 87' lang='lat' dir='ltr'>habeas</span> 
     </span>
     <span class='ocr_line' id='line_1_24' title="bbox 191 3518 1418 3588; baseline 0.002 -15"><span class='ocrx_word' id='word_1_196' title='bbox 191 3520 236 3573; x_wconf 89' lang='lat' dir='ltr'>cui</span> <span class='ocrx_word' id='word_1_197' title='bbox 244 3537 356 3574; x_wconf 85' lang='lat' dir='ltr'>securus</span> <span class='ocrx_word' id='word_1_198' title='bbox 365 3537 398 3573; x_wconf 88' lang='lat' dir='ltr'>ea</span> <span class='ocrx_word' id='word_1_199' title='bbox 409 3536 470 3588; x_wconf 73' lang='lat' dir='ltr'>qua</span> <span class='ocrx_word' id='word_1_200' title='bbox 479 3519 602 3588; x_wconf 87' lang='lat' dir='ltr'>possides</span> <span class='ocrx_word' id='word_1_201' title='bbox 613 3518 777 3586; x_wconf 88' lang='lat' dir='ltr'>possidenda</span> <span class='ocrx_word' id='word_1_202' title='bbox 789 3519 934 3587; x_wconf 88' lang='lat' dir='ltr'>relinquas,</span> <span class='ocrx_word' id='word_1_203' title='bbox 944 3520 1019 3572; x_wconf 89' lang='lat' dir='ltr'>omni</span> <span class='ocrx_word' id='word_1_204' title='bbox 1032 3520 1175 3573; x_wconf 87' lang='lat' dir='ltr'>honestate</span> <span class='ocrx_word' id='word_1_205' title='bbox 1184 3521 1325 3588; x_wconf 72' lang='lat' dir='ltr'>praeditam</span> <span class='ocrx_word' id='word_1_206' title='bbox 1337 3522 1418 3576; x_wconf 92' lang='lat' dir='ltr'>nobi-</span> 
     </span>
     <span class='ocr_line' id='line_1_25' title="bbox 190 3616 1416 3688; baseline 0.002 -15"><span class='ocrx_word' id='word_1_207' title='bbox 190 3619 322 3673; x_wconf 86' lang='lat' dir='ltr'>lissimam</span> <span class='ocrx_word' id='word_1_208' title='bbox 335 3619 448 3688; x_wconf 87' lang='lat' dir='ltr'>prolem,</span> <span class='ocrx_word' id='word_1_209' title='bbox 461 3618 489 3671; x_wconf 91' lang='lat' dir='ltr'>in</span> <span class='ocrx_word' id='word_1_210' title='bbox 501 3635 556 3687; x_wconf 93' lang='lat' dir='ltr'>qua</span> <span class='ocrx_word' id='word_1_211' title='bbox 565 3618 679 3686; x_wconf 90' lang='lat' dir='ltr'>jamjam</span> <span class='ocrx_word' id='word_1_212' title='bbox 696 3634 751 3671; x_wconf 91' lang='lat' dir='ltr'>non</span> <span class='ocrx_word' id='word_1_213' title='bbox 763 3616 850 3671; x_wconf 90' lang='lat' dir='ltr'>solum</span> <span class='ocrx_word' id='word_1_214' title='bbox 864 3618 987 3671; x_wconf 90' lang='lat' dir='ltr'>moribus</span> <span class='ocrx_word' id='word_1_215' title='bbox 999 3623 1026 3671; x_wconf 91' lang='lat' dir='ltr'>et</span> <span class='ocrx_word' id='word_1_216' title='bbox 1041 3618 1147 3685; x_wconf 91' lang='lat' dir='ltr'>ingenio</span> <span class='ocrx_word' id='word_1_217' title='bbox 1161 3623 1235 3672; x_wconf 90' lang='lat' dir='ltr'>totus</span> <span class='ocrx_word' id='word_1_218' title='bbox 1248 3620 1416 3688; x_wconf 83' lang='lat' dir='ltr'>exprimeris,</span> 
     </span>
     <span class='ocr_line' id='line_1_26' title="bbox 189 3716 1467 3788; baseline 0.002 -16"><span class='ocrx_word' id='word_1_219' title='bbox 189 3735 284 3772; x_wconf 86' lang='lat' dir='ltr'>verum</span> <span class='ocrx_word' id='word_1_220' title='bbox 297 3718 380 3771; x_wconf 88' lang='lat' dir='ltr'>etiam</span> <span class='ocrx_word' id='word_1_221' title='bbox 392 3718 537 3787; x_wconf 90' lang='lat' dir='ltr'>prudentia</span> <span class='ocrx_word' id='word_1_222' title='bbox 549 3722 577 3771; x_wconf 91' lang='lat' dir='ltr'>et</span> <span class='ocrx_word' id='word_1_223' title='bbox 588 3717 701 3770; x_wconf 85' lang='lat' dir='ltr'>consilio</span> <span class='ocrx_word' id='word_1_224' title='bbox 719 3718 798 3786; x_wconf 91' lang='lat' dir='ltr'>quasi</span> <span class='ocrx_word' id='word_1_225' title='bbox 818 3717 889 3770; x_wconf 90' lang='lat' dir='ltr'>idem</span> <span class='ocrx_word' id='word_1_226' title='bbox 899 3716 968 3770; x_wconf 90' lang='lat' dir='ltr'>alter</span> <span class='ocrx_word' id='word_1_227' title='bbox 979 3717 1109 3770; x_wconf 85' lang='lat' dir='ltr'>haberis?</span> <span class='ocrx_word' id='word_1_228' title='bbox 1122 3717 1193 3783; x_wconf 85' lang='lat' dir='ltr'>Quid</span> <span class='ocrx_word' id='word_1_229' title='bbox 1203 3719 1236 3771; x_wconf 88' lang='lat' dir='ltr'>de</span> <span class='ocrx_word' id='word_1_230' title='bbox 1246 3719 1417 3775; x_wconf 88' lang='lat' dir='ltr'>diversarum</span> <span class='ocrx_word' id='word_1_231' title='bbox 1435 3739 1467 3788; x_wconf 71' lang='lat'>45</span> 
     </span>
     <span class='ocr_line' id='line_1_27' title="bbox 189 3815 1417 3886; baseline 0.001 -14"><span class='ocrx_word' id='word_1_232' title='bbox 189 3818 286 3886; x_wconf 88' lang='lat' dir='ltr'>loquar</span> <span class='ocrx_word' id='word_1_233' title='bbox 301 3817 441 3871; x_wconf 86' lang='lat' dir='ltr'>affluentia</span> <span class='ocrx_word' id='word_1_234' title='bbox 461 3816 626 3881; x_wconf 81' lang='lat' dir='ltr'>divitiarum,</span> <span class='ocrx_word' id='word_1_235' title='bbox 649 3816 747 3870; x_wconf 87' lang='lat' dir='ltr'>divinae</span> <span class='ocrx_word' id='word_1_236' title='bbox 767 3815 945 3885; x_wconf 81' lang='lat' dir='ltr'>providentiae</span> <span class='ocrx_word' id='word_1_237' title='bbox 962 3833 1076 3869; x_wconf 90' lang='lat' dir='ltr'>munere</span> <span class='ocrx_word' id='word_1_238' title='bbox 1094 3816 1143 3869; x_wconf 90' lang='lat' dir='ltr'>tibi</span> <span class='ocrx_word' id='word_1_239' title='bbox 1164 3818 1297 3880; x_wconf 81' lang='lat' dir='ltr'>datarum,</span> <span class='ocrx_word' id='word_1_240' title='bbox 1316 3818 1417 3886; x_wconf 88' lang='lat' dir='ltr'>quibus</span> 
     </span>
     <span class='ocr_line' id='line_1_28' title="bbox 187 3914 1415 3985; baseline 0.001 -14"><span class='ocrx_word' id='word_1_241' title='bbox 187 3917 248 3985; x_wconf 81' lang='lat' dir='ltr'>jure</span> <span class='ocrx_word' id='word_1_242' title='bbox 257 3917 422 3971; x_wconf 78' lang='lat' dir='ltr'>hereditario</span> <span class='ocrx_word' id='word_1_243' title='bbox 433 3921 459 3970; x_wconf 90' lang='lat' dir='ltr'>te</span> <span class='ocrx_word' id='word_1_244' title='bbox 471 3918 605 3971; x_wconf 88' lang='lat' dir='ltr'>Dominus</span> <span class='ocrx_word' id='word_1_245' title='bbox 613 3916 652 3969; x_wconf 88' lang='lat' dir='ltr'>sic</span> <span class='ocrx_word' id='word_1_246' title='bbox 661 3915 747 3969; x_wconf 84' lang='lat' dir='ltr'>voluit</span> <span class='ocrx_word' id='word_1_247' title='bbox 756 3932 815 3969; x_wconf 87' lang='lat' dir='ltr'>esse</span> <span class='ocrx_word' id='word_1_248' title='bbox 826 3914 1030 3983; x_wconf 90' lang='lat' dir='ltr'>locupletatum,</span> <span class='ocrx_word' id='word_1_249' title='bbox 1043 3920 1073 3968; x_wconf 91' lang='lat' dir='ltr'>ut</span> <span class='ocrx_word' id='word_1_250' title='bbox 1089 3915 1159 3968; x_wconf 89' lang='lat' dir='ltr'>inter</span> <span class='ocrx_word' id='word_1_251' title='bbox 1174 3916 1304 3969; x_wconf 89' lang='lat' dir='ltr'>mortales</span> <span class='ocrx_word' id='word_1_252' title='bbox 1319 3917 1372 3970; x_wconf 87' lang='lat' dir='ltr'>hac</span> <span class='ocrx_word' id='word_1_253' title='bbox 1387 3919 1415 3972; x_wconf 94' lang='lat' dir='ltr'>in</span> 
     </span>
     <span class='ocr_line' id='line_1_29' title="bbox 190 4013 1415 4085; baseline 0.002 -17"><span class='ocrx_word' id='word_1_254' title='bbox 190 4031 220 4069; x_wconf 91' lang='lat' dir='ltr'>re</span> <span class='ocrx_word' id='word_1_255' title='bbox 231 4018 288 4070; x_wconf 80' lang='lat' dir='ltr'>&#39;non</span> <span class='ocrx_word' id='word_1_256' title='bbox 299 4015 430 4085; x_wconf 86' lang='lat' dir='ltr'>plurimos</span> <span class='ocrx_word' id='word_1_257' title='bbox 442 4016 492 4069; x_wconf 90' lang='lat' dir='ltr'>tibi</span> <span class='ocrx_word' id='word_1_258' title='bbox 504 4032 583 4084; x_wconf 86' lang='lat' dir='ltr'>pares</span> <span class='ocrx_word' id='word_1_259' title='bbox 595 4014 741 4069; x_wconf 79' lang='lat' dir='ltr'>invenias?</span> <span class='ocrx_word' id='word_1_260' title='bbox 753 4014 823 4080; x_wconf 86' lang='lat' dir='ltr'>Quid</span> <span class='ocrx_word' id='word_1_261' title='bbox 838 4014 912 4082; x_wconf 93' lang='lat' dir='ltr'>quod</span> <span class='ocrx_word' id='word_1_262' title='bbox 930 4013 1055 4067; x_wconf 90' lang='lat' dir='ltr'>tellurem</span> <span class='ocrx_word' id='word_1_263' title='bbox 1067 4015 1148 4083; x_wconf 90' lang='lat' dir='ltr'>paulo</span> <span class='ocrx_word' id='word_1_264' title='bbox 1161 4019 1224 4068; x_wconf 88' lang='lat' dir='ltr'>ante</span> <span class='ocrx_word' id='word_1_265' title='bbox 1237 4016 1328 4069; x_wconf 87' lang='lat' dir='ltr'>minus</span> <span class='ocrx_word' id='word_1_266' title='bbox 1338 4017 1415 4071; x_wconf 91' lang='lat' dir='ltr'>culti·</span> 
     </span>
     <span class='ocr_line' id='line_1_30' title="bbox 191 4113 1415 4179; baseline 0.002 -11"><span class='ocrx_word' id='word_1_267' title='bbox 191 4114 253 4178; x_wconf 89' lang='lat' dir='ltr'>lem,</span> <span class='ocrx_word' id='word_1_268' title='bbox 270 4115 308 4167; x_wconf 89' lang='lat' dir='ltr'>sic</span> <span class='ocrx_word' id='word_1_269' title='bbox 319 4114 446 4168; x_wconf 77' lang='lat' dir='ltr'>sollertiae</span> <span class='ocrx_word' id='word_1_270' title='bbox 462 4119 516 4168; x_wconf 77' lang='lat' dir='ltr'>ture</span> <span class='ocrx_word' id='word_1_271' title='bbox 533 4114 666 4168; x_wconf 89' lang='lat' dir='ltr'>industria</span> <span class='ocrx_word' id='word_1_272' title='bbox 677 4113 794 4167; x_wconf 87' lang='lat' dir='ltr'>fertilem</span> <span class='ocrx_word' id='word_1_273' title='bbox 807 4113 955 4179; x_wconf 90' lang='lat' dir='ltr'>reddidisti,</span> <span class='ocrx_word' id='word_1_274' title='bbox 968 4118 998 4166; x_wconf 91' lang='lat' dir='ltr'>ut</span> <span class='ocrx_word' id='word_1_275' title='bbox 1010 4119 1107 4167; x_wconf 90' lang='lat' dir='ltr'>natura</span> <span class='ocrx_word' id='word_1_276' title='bbox 1119 4114 1263 4167; x_wconf 79' lang='lat' dir='ltr'>fertiliores</span> <span class='ocrx_word' id='word_1_277' title='bbox 1275 4115 1415 4170; x_wconf 86' lang='lat' dir='ltr'>fertilitate</span> 
     </span>
     <span class='ocr_line' id='line_1_31' title="bbox 190 4209 1465 4283; baseline 0.002 -17"><span class='ocrx_word' id='word_1_278' title='bbox 190 4219 308 4281; x_wconf 78' lang='lat' dir='ltr'>superet,</span> <span class='ocrx_word' id='word_1_279' title='bbox 324 4214 482 4282; x_wconf 89' lang='lat' dir='ltr'>patiensque</span> <span class='ocrx_word' id='word_1_280' title='bbox 493 4213 605 4266; x_wconf 86' lang='lat' dir='ltr'>culturae</span> <span class='ocrx_word' id='word_1_281' title='bbox 622 4212 801 4281; x_wconf 86' lang='lat' dir='ltr'>agricolamm</span> <span class='ocrx_word' id='word_1_282' title='bbox 814 4213 885 4265; x_wconf 85' lang='lat' dir='ltr'>votis</span> <span class='ocrx_word' id='word_1_283' title='bbox 898 4212 1067 4280; x_wconf 87' lang='lat' dir='ltr'>respondeat,</span> <span class='ocrx_word' id='word_1_284' title='bbox 1080 4229 1111 4265; x_wconf 87' lang='lat' dir='ltr'>ac</span> <span class='ocrx_word' id='word_1_285' title='bbox 1129 4212 1221 4281; x_wconf 90' lang='lat' dir='ltr'>opimo</span> <span class='ocrx_word' id='word_1_286' title='bbox 1239 4213 1301 4266; x_wconf 92' lang='lat' dir='ltr'>sinu</span> <span class='ocrx_word' id='word_1_287' title='bbox 1317 4209 1415 4283; x_wconf 89' lang='lat' dir='ltr'>pomo·</span> <span class='ocrx_word' id='word_1_288' title='bbox 1433 4229 1465 4279; x_wconf 80' lang='lat'>20</span> 
     </span>
     <span class='ocr_line' id='line_1_32' title="bbox 191 4310 1414 4380; baseline 0.002 -16"><span class='ocrx_word' id='word_1_289' title='bbox 191 4326 252 4364; x_wconf 89' lang='lat' dir='ltr'>rum</span> <span class='ocrx_word' id='word_1_290' title='bbox 263 4311 454 4365; x_wconf 86' lang='lat' dir='ltr'>sufficientiam</span> <span class='ocrx_word' id='word_1_291' title='bbox 472 4312 635 4380; x_wconf 81' lang='lat' dir='ltr'>frugumque</span> <span class='ocrx_word' id='word_1_292' title='bbox 646 4311 822 4380; x_wconf 90' lang='lat' dir='ltr'>profundens,</span> <span class='ocrx_word' id='word_1_293' title='bbox 832 4310 1003 4363; x_wconf 81' lang='lat' dir='ltr'>diversorum</span> <span class='ocrx_word' id='word_1_294' title='bbox 1020 4316 1154 4379; x_wconf 88' lang='lat' dir='ltr'>proventu</span> <span class='ocrx_word' id='word_1_295' title='bbox 1173 4311 1310 4365; x_wconf 86' lang='lat' dir='ltr'>fructuum</span> <span class='ocrx_word' id='word_1_296' title='bbox 1329 4312 1414 4367; x_wconf 89' lang='lat' dir='ltr'>culto·</span> 
     </span>
     <span class='ocr_line' id='line_1_33' title="bbox 191 4409 1416 4478; baseline 0.002 -15"><span class='ocrx_word' id='word_1_297' title='bbox 191 4410 267 4463; x_wconf 85' lang='lat' dir='ltr'>ribus</span> <span class='ocrx_word' id='word_1_298' title='bbox 275 4409 332 4463; x_wconf 84' lang='lat' dir='ltr'>suis</span> <span class='ocrx_word' id='word_1_299' title='bbox 340 4410 465 4476; x_wconf 87' lang='lat' dir='ltr'>arrideat,</span> <span class='ocrx_word' id='word_1_300' title='bbox 474 4414 502 4463; x_wconf 88' lang='lat' dir='ltr'>et</span> <span class='ocrx_word' id='word_1_301' title='bbox 510 4411 545 4463; x_wconf 91' lang='lat' dir='ltr'>ad</span> <span class='ocrx_word' id='word_1_302' title='bbox 553 4410 728 4478; x_wconf 74' lang='lat' dir='ltr'>praebendum</span> <span class='ocrx_word' id='word_1_303' title='bbox 742 4414 849 4478; x_wconf 90' lang='lat' dir='ltr'>pastum</span> <span class='ocrx_word' id='word_1_304' title='bbox 862 4409 1035 4472; x_wconf 87' lang='lat' dir='ltr'>animalibus,</span> <span class='ocrx_word' id='word_1_305' title='bbox 1044 4410 1128 4478; x_wconf 88' lang='lat' dir='ltr'>pratis</span> <span class='ocrx_word' id='word_1_306' title='bbox 1138 4410 1280 4478; x_wconf 88' lang='lat' dir='ltr'>etpaseuis</span> <span class='ocrx_word' id='word_1_307' title='bbox 1291 4411 1416 4466; x_wconf 86' lang='lat' dir='ltr'>affluenti</span> 
     </span>
     <span class='ocr_line' id='line_1_34' title="bbox 191 4507 1414 4578; baseline 0.001 -15"><span class='ocrx_word' id='word_1_308' title='bbox 191 4508 356 4563; x_wconf 82' lang='lat' dir='ltr'>fecunditate</span> <span class='ocrx_word' id='word_1_309' title='bbox 368 4508 517 4577; x_wconf 85' lang='lat' dir='ltr'>turgescat?</span> <span class='ocrx_word' id='word_1_310' title='bbox 529 4507 599 4575; x_wconf 91' lang='lat' dir='ltr'>Quid</span> <span class='ocrx_word' id='word_1_311' title='bbox 611 4510 683 4578; x_wconf 93' lang='lat' dir='ltr'>quod</span> <span class='ocrx_word' id='word_1_312' title='bbox 695 4508 801 4578; x_wconf 89' lang='lat' dir='ltr'>populis</span> <span class='ocrx_word' id='word_1_313' title='bbox 811 4508 926 4561; x_wconf 88' lang='lat' dir='ltr'>bacheia</span> <span class='ocrx_word' id='word_1_314' title='bbox 938 4508 1009 4561; x_wconf 87' lang='lat' dir='ltr'>dona</span> <span class='ocrx_word' id='word_1_315' title='bbox 1022 4508 1216 4576; x_wconf 72' lang='lat' dir='ltr'>ignorantibus</span> <span class='ocrx_word' id='word_1_316' title='bbox 1228 4526 1276 4577; x_wconf 88' lang='lat' dir='ltr'>per</span> <span class='ocrx_word' id='word_1_317' title='bbox 1288 4514 1314 4562; x_wconf 93' lang='lat' dir='ltr'>te</span> <span class='ocrx_word' id='word_1_318' title='bbox 1323 4511 1414 4564; x_wconf 88' lang='lat' dir='ltr'>Liberi</span> 
     </span>
     <span class='ocr_line' id='line_1_35' title="bbox 191 4606 1415 4675; baseline 0.002 -14"><span class='ocrx_word' id='word_1_319' title='bbox 191 4606 280 4661; x_wconf 82' lang='lat' dir='ltr'>illuxit</span> <span class='ocrx_word' id='word_1_320' title='bbox 291 4607 408 4660; x_wconf 83' lang='lat' dir='ltr'>notitia?</span> <span class='ocrx_word' id='word_1_321' title='bbox 419 4606 496 4660; x_wconf 88' lang='lat' dir='ltr'>Nune</span> <span class='ocrx_word' id='word_1_322' title='bbox 508 4607 576 4660; x_wconf 94' lang='lat' dir='ltr'>nihil</span> <span class='ocrx_word' id='word_1_323' title='bbox 588 4607 616 4660; x_wconf 92' lang='lat' dir='ltr'>in</span> <span class='ocrx_word' id='word_1_324' title='bbox 627 4607 735 4675; x_wconf 89' lang='lat' dir='ltr'>regione</span> <span class='ocrx_word' id='word_1_325' title='bbox 748 4613 794 4661; x_wconf 88' lang='lat' dir='ltr'>tua</span> <span class='ocrx_word' id='word_1_326' title='bbox 804 4607 898 4661; x_wconf 91' lang='lat' dir='ltr'>usibus</span> <span class='ocrx_word' id='word_1_327' title='bbox 909 4608 1054 4661; x_wconf 89' lang='lat' dir='ltr'>hominum</span> <span class='ocrx_word' id='word_1_328' title='bbox 1067 4608 1161 4661; x_wconf 87' lang='lat' dir='ltr'>deesse</span> <span class='ocrx_word' id='word_1_329' title='bbox 1170 4608 1273 4674; x_wconf 81' lang='lat' dir='ltr'>volem,</span> <span class='ocrx_word' id='word_1_330' title='bbox 1283 4610 1415 4665; x_wconf 86' lang='lat' dir='ltr'>ruricolas</span> 
     </span>
     <span class='ocr_line' id='line_1_36' title="bbox 191 4705 1464 4776; baseline 0.003 -16"><span class='ocrx_word' id='word_1_331' title='bbox 191 4708 227 4760; x_wconf 84' lang='lat' dir='ltr'>ad</span> <span class='ocrx_word' id='word_1_332' title='bbox 245 4705 420 4776; x_wconf 84' lang='lat' dir='ltr'>producenda</span> <span class='ocrx_word' id='word_1_333' title='bbox 438 4705 530 4759; x_wconf 84' lang='lat' dir='ltr'>vineta</span> <span class='ocrx_word' id='word_1_334' title='bbox 547 4705 695 4771; x_wconf 86' lang='lat' dir='ltr'>excoluisti,</span> <span class='ocrx_word' id='word_1_335' title='bbox 706 4712 738 4760; x_wconf 92' lang='lat' dir='ltr'>ut</span> <span class='ocrx_word' id='word_1_336' title='bbox 754 4706 825 4760; x_wconf 89' lang='lat' dir='ltr'>inter</span> <span class='ocrx_word' id='word_1_337' title='bbox 842 4723 889 4760; x_wconf 93' lang='lat' dir='ltr'>eos</span> <span class='ocrx_word' id='word_1_338' title='bbox 907 4707 1043 4760; x_wconf 90' lang='lat' dir='ltr'>interdum</span> <span class='ocrx_word' id='word_1_339' title='bbox 1060 4712 1169 4776; x_wconf 84' lang='lat' dir='ltr'>spumet</span> <span class='ocrx_word' id='word_1_340' title='bbox 1185 4707 1331 4773; x_wconf 77' lang='lat' dir='ltr'>vindemia,</span> <span class='ocrx_word' id='word_1_341' title='bbox 1343 4709 1416 4764; x_wconf 89' lang='lat' dir='ltr'>inter</span> <span class='ocrx_word' id='word_1_342' title='bbox 1432 4721 1464 4771; x_wconf 71' lang='lat'>25</span> 
     </span>
    </p>
   </div>
   <div class='ocr_carea' id='block_1_8' title="bbox 0 0 1640 5400">
    <p class='ocr_par' dir='ltr' id='par_1_9' title="bbox 0 0 1640 5400">
     <span class='ocr_line' id='line_1_37' title="bbox 0 0 1640 5400; baseline 0 0"><span class='ocrx_word' id='word_1_343' title='bbox 0 0 1640 5400; x_wconf 95' lang='lat' dir='ltr'> </span> 
     </span>
    </p>
   </div>
  </div>
 </body>
</html>
