3270 5400
345 375 441 428 arse.
458 376 540 429 aro.
558 376 734 430 samana.
753 398 800 409 -
818 376 965 430 arcano.
984 378 1032 429 ln
1048 379 1128 432 oon.
1146 373 1184 430 u⁰
1200 376 1322 430 arasse.
1382 357 1450 429 139

211 562 319 617 Ordim
335 579 387 617 suo
402 562 525 619 creditur
541 566 696 619 abnuisse.
714 564 837 632 Quorum
849 565 939 620 nullus
950 582 1000 619 sua
1012 565 1175 636 negligentia
1185 569 1272 638 periit,
1283 570 1348 638 quia
1358 586 1450 623 serva-

212 661 264 714 bat
273 664 289 692 ⁸
298 678 357 727 eos,
365 662 497 717 assistens
508 662 581 733 ipsis
589 662 671 718 aaut
679 663 755 718 enim
768 665 797 717 'nr
807 665 973 718 attrahendo
984 666 1121 719 suasibilis
1130 671 1189 720 erat
1197 671 1224 721 et
1235 667 1360 732 affabilis,
1371 667 1410 722 sic
1422 669 1449 723 in
1532 669 1614 745 ¹'ard

211 763 409 817 conservando
417 768 445 817 et
455 764 623 818 consolando
630 778 756 833 eosquos
765 764 1002 819 dedcuteil'ater
1010 765 1351 830 beusollicitusomnino
1361 768 1451 822 extitit
1507 736 1627 788 ΝΜ

214 864 245 915 et
255 861 356 916 fidelis
365 862 468 917 Potens
478 863 508 917 in
519 867 592 917 terra
604 869 664 917 erat
674 880 770 918 semen
778 864 863 927 verbi,
874 868 902 917 et
912 864 1054 933 generatio
1061 865 1123 934 ejus
1132 871 1276 935 must
1286 866 1316 920 in
1325 867 1448 921 ”mura

181 969 197 1016 5
215 959 372 1015 benedicta.
388 961 527 1028 Quamdiu
539 963 592 1017 luit
601 963 722 1017 Parisius
733 964 894 1032 predicator
910 963 969 1027 iste,
982 980 1079 1018 omnes
1090 964 1115 1018 ei
1127 981 1268 1019 sennones
1285 969 1314 1019 et
1329 965 1450 1019 collatio-

216 1074 267 1113 nes
278 1060 488 1130 impendebant.
498 1063 559 1118 Nou
571 1064 645 1118 enim
656 1063 750 1127 ulium,
761 1065 827 1119 dum
840 1080 959 1134 praesens
971 1069 1038 1129 erat,
1049 1064 1144 1118 audire
1161 1065 1249 1119 clerici
1260 1065 1449 1135 dignabantur.

218 1158 285 1212 Etsi
298 1161 412 1229 quaudo
423 1160 469 1215 vix
481 1162 566 1216 aliurn
578 1163 768 1226 admittebant,
780 1170 873 1218 tamen
882 1180 938 1217 nou
947 1163 1131 1227 discedebant,
1140 1163 1191 1217 nisi
1203 1165 1279 1233 prius
1290 1165 1406 1218 verbum
1414 1181 1447 1218 er

220 1272 267 1310 ore
275 1259 337 1325 ejus
343 1258 478 1313 mellilluo
488 1260 639 1315 distillaret
649 1261 817 1315 Praedicabat
826 1260 933 1331 publice
942 1266 970 1314 et
978 1259 1141 1330 generaliter
1147 1261 1283 1315 omnibus.
1292 1262 1450 1329 Specialiter

222 1372 332 1425 quoque
344 1357 457 1412 uouitiis
469 1358 629 1413 collationes
642 1359 713 1413 lecit
730 1358 837 1427 Quibus
854 1375 883 1413 se
895 1359 977 1413 etiam
990 1358 1036 1412 alii
1048 1358 1215 1428 ingerebant,
1227 1359 1291 1430 quia
1302 1376 1383 1430 super
1393 1360 1448 1413 mel

185 1464 209 1512 tt
222 1459 248 1507 et
263 1456 360 1509 larum
374 1462 455 1511 eraut
466 1458 594 1512 cordibus
606 1459 730 1513 omnium
743 1458 833 1513 dulcia
844 1459 929 1512 rerba
946 1459 1014 1526 ejus.
1030 1458 1132 1513 Effudit
1148 1475 1212 1527 ergo
1229 1458 1447 1513 benedictionem

224 1570 298 1609 suam
309 1572 392 1625 super
403 1573 499 1611 semen
512 1558 589 1611 verbi
599 1559 659 1626 ejus
670 1558 787 1627 Spiritus
798 1563 917 1622 sanctus,
926 1563 953 1612 et
965 1574 1055 1611 rorem
1064 1557 1164 1627 gratiae,
1169 1558 1334 1626 ubicumque
1341 1564 1449 1613 severat

227 1653 381 1719 interra;et
391 1672 456 1710 cum
466 1656 542 1710 Isaac
551 1657 707 1726 patriarcha
716 1658 987 1726 invenitcentuplum
997 1657 1223 1725 temporemessis
1231 1657 1446 1712 Christi.Verum

230 1769 258 1807 ne
268 1756 470 1811 exsiccarentur
480 1758 584 1811 llueuta
595 1759 696 1827 gratiae,
714 1773 747 1811 ea
763 1775 819 1811 suoe
837 1758 934 1827 origini
951 1757 1075 1819 reddidit,
1092 1758 1133 1810 uir
1150 1757 1262 1811 humilis
1279 1761 1306 1810 et
1323 1758 1446 1822 devotus,

233 1855 370 1909 scandum
382 1856 539 1925 apostolum
549 1857 577 1910 in
588 1857 717 1912 omnibus
728 1859 828 1926 gratias
840 1874 923 1926 agens
935 1858 1000 1910 Deo.

208 2052 229 2100 a
425 2060 478 2118 De
500 2060 621 2119 studio
641 2061 679 2120 et
698 2061 801 2120 modo
823 2058 999 2120 orationis
1020 2060 1139 2119 sanott
1159 2059 1240 2118 virt.

273 2247 302 2306 ⁸.
321 2251 411 2306 Sciens
424 2252 465 2306 vir
485 2253 582 2304 beatus
593 2249 726 2318 quoniam
741 2256 849 2319 oportet
861 2268 970 2319 semper
981 2267 1060 2305 orare
1072 2256 1099 2304 et
1116 2266 1172 2304 uon
1189 2250 1224 2303 ab
1242 2251 1365 2303 oratione
1383 2249 1447 2303 deli·

248 2362 298 2410 cere,
306 2354 394 2417 utpote
402 2348 463 2402 sine
472 2364 527 2416 qua
539 2347 629 2401 omnis
637 2347 784 2417 spiritualis
794 2347 1290 2417 vigordeficitomnisque*proiectus
1299 2346 1411 2400 interior
1419 2351 1448 2399 et
1537 2349 1602 2401 ’sie

251 2445 344 2500 maritas
353 2447 448 2516 recipit
458 2446 667 2509 incrementum,
684 2447 744 2514 ejus
758 2445 902 2500 intentioni
920 2451 948 2499 et
963 2445 1116 2499 assiduitati
1136 2462 1165 2499 se
1182 2449 1270 2498 totum
1288 2461 1338 2511 per
1354 2444 1447 2498 omnia

253 2538 365 2596 dedicarit
378 2543 483 2597 Collata
495 2559 560 2612 ergo
572 2548 614 2596 est
626 2543 652 2596 ei
663 2560 680 2596 a
692 2543 810 2597 Domino
820 2543 951 2597 orationis
963 2543 1050 2613 gratia
1060 2542 1193 2611 specialis,
1202 2558 1287 2610 quam
1296 2558 1346 2595 nec
1357 2546 1446 2611 pasto-

222 2637 375 2695 ttnlisolflcii
392 2658 458 2696 cura
471 2658 521 2695 nec
530 2642 704 2710 negotiorum
721 2644 860 2710 strepitus,
877 2659 927 2695 uec
945 2642 1051 2695 viarum
1071 2641 1225 2696 laboriosus
1242 2641 1379 2695 discursus
1396 2657 1446 2694 nec

256 2734 339 2805 alicnis
353 2741 542 2795 sollicitudinis
563 2743 706 2811 occupatio
725 2747 833 2811 poterat
848 2743 988 2811 impedire.
1006 2741 1063 2795 llos
1080 2746 1139 2794 erat
1156 2741 1180 2794 ei
1198 2740 1225 2794 in
1243 2740 1366 2794 oratione
1383 2755 1445 2793 curn

258 2836 310 2889 onai
319 2838 454 2895 devotione
466 2845 494 2895 et
510 2840 664 2895 reverentia
675 2842 774 2895 divinae
791 2841 916 2894 assistere
934 2840 1077 2908 majestati.
1089 2840 1179 2894 Flexis
1196 2855 1315 2908 namque
1332 2837 1446 2907 genibus

259 2933 360 2999 tianeus
366 2939 502 3005 manibus,
511 2944 602 2993 erecto
611 2956 732 3009 corpore,
742 2957 797 2994 non
807 2941 997 3009 procumbens,
1006 2940 1158 2993 orationem
1170 2954 1249 2991 suam
1262 2939 1290 2991 in
1299 2942 1445 3006 conspectu

177 3016 180 3027 ¹
260 3027 338 3087 baini
346 3038 506 3093 effundebat.
516 3039 635 3107 Eratque
647 3038 795 3093 multarum
808 3039 982 3093 lacrimarum
995 3043 1072 3108 pater
1084 3039 1134 3091 iste
1143 3043 1264 3101 sanctus;
1277 3053 1310 3090 er
1328 3053 1444 3105 quarum

177 3166 181 3215 g
228 3124 360 3197 biareni
367 3137 499 3205 prollurlo
512 3137 698 3192 infirmitatem
709 3139 852 3192 oculorum
861 3155 972 3208 gravem
984 3137 1103 3191 creditur
1112 3137 1265 3190 incurrisse.
1277 3136 1329 3205 Qui
1343 3136 1406 3189 licet
1416 3138 1445 3191 in

177 3218 180 3293 l
261 3229 313 3282 unni
322 3231 371 3289 loco
382 3241 407 3290 et
423 3242 547 3306 tempore
567 3253 649 3305 puras
661 3238 694 3291 ad
714 3238 860 3291 Dominum
874 3253 972 3290 uranus
984 3237 1087 3291 orando
1099 3237 1210 3299 levaret,
1223 3242 1284 3304 post
1293 3235 1445 3304 completo·

261 3322 310 3380 nun
319 3334 396 3389 umen
414 3341 440 3390 et
456 3341 521 3405 post
536 3336 684 3391 llatutinas
705 3337 822 3391 orationi
843 3337 968 3390 devotius
988 3343 1016 3390 et
1035 3337 1165 3390 attentius
1185 3336 1369 3390 incumbebat.
1387 3335 1447 3388 Diei

262 3425 365 3499 tactuque
382 3434 544 3503 principium
567 3441 594 3490 et
615 3437 697 3490 linem
716 3436 839 3490 oratione
855 3435 988 3504 incipiens
1007 3440 1033 3488 et
1050 3434 1224 3498 concludens,
1244 3434 1364 3488 medium
1380 3450 1447 3487 vero

261 3527 414 3585 naeniarum
434 3532 566 3586 horarum
588 3533 759 3601 virginisque
786 3533 881 3587 matris
900 3533 997 3587 Officio
1017 3549 1080 3587 cum
1101 3532 1246 3586 missarum
1263 3532 1446 3586 celebratione

229 3613 251 3666 ³³
262 3618 386 3683 “thermus
391 3631 509 3685 Domino
519 3632 695 3686 devotissime
704 3631 847 3686 dedicarit.
856 3632 1081 3686 confessionibus
1089 3631 1232 3685 audiendis
1241 3636 1269 3684 et
1277 3630 1446 3700 pradicatio·

262 3713 318 3773 ribus
332 3728 491 3793 perficiendis
513 3731 641 3784 sacerdos
660 3737 771 3785 sanctus
785 3732 902 3800 benigne
924 3736 952 3784 et
974 3731 1075 3784 utiliter
1094 3731 1243 3784 seeundum
1266 3729 1395 3799 temporis
1417 3734 1446 3783 et

263 3822 389 3881 littetslttrtis
405 3830 569 3899 exigentiam
587 3847 617 3884 se
635 3831 766 3899 proximis
783 3831 915 3899 exposuit,
928 3848 962 3884 ne
976 3831 1108 3898 particula
1124 3830 1177 3884 diei
1190 3831 1267 3883 bonae
1285 3830 1313 3882 in
1326 3846 1443 3884 vacuum

262 3919 376 3978 lecara

188 4190 192 4195 .
227 4204 250 4253 a
337 4127 489 4199 oranter
505 4132 543 4191 tn
561 4131 624 4192 vta
642 4146 683 4193 se
701 4135 893 4304 hssglgtmet
911 4135 955 4193 da
977 4134 1101 4205 gratia
1120 4134 1169 4191 ad
1187 4135 1333 4193 beatam

189 4254 192 4259 ·
860 4247 925 4294 em.

288 4403 312 4464 0
326 4414 360 4471 ld
368 4421 560 4477 meditationes
577 4438 668 4477 sacras
688 4427 777 4477 toturn
796 4439 939 4476 corsuum
958 4424 1072 4476 dederat
1088 4430 1115 4476 et
1135 4424 1263 4476 affectum
1283 4422 1442 4487 intenderat,

260 4514 359 4581 lanaque
370 4524 475 4590 tempus
487 4524 515 4575 et
531 4520 623 4575 locum
634 4520 686 4575 sibi
704 4521 739 4575 ad
751 4522 804 4576 boc
817 4522 971 4575 devolionis
983 4527 1011 4575 et
1026 4522 1119 4590 gratia
1137 4522 1258 4575 officium
1271 4521 1442 4575 vendicabat

259 4594 325 4662 'lm
334 4617 397 4671 eun
407 4621 434 4672 et
445 4617 603 4672 inusitatam
616 4619 713 4673 ceteris
724 4619 916 4674 dulcedinem
909 4620 960 4689 ipsi
971 4620 1000 4674 iu
1012 4621 1065 4673 hoc
1074 4621 1226 4674 sanctitatis
1234 4620 1325 4674 studio
1334 4619 1443 4674 divinus

257 4695 340 4768 tantu,
354 4713 518 4771 infundebat
534 4717 660 4772 Sentiens
671 4735 735 4788 orgo
747 4719 896 4788 spirantem
914 4720 966 4774 sibi
985 4720 1100 4788 desuper
1117 4736 1184 4773 suar
1187 4720 1290 4784 itatem
1307 4719 1443 4772 nitebatur·
