3270 5400
50 659 65 691 ,
122 661 127 673 .

28 675 183 780 ahta

52 1451 66 1482 t
80 1451 162 1518 prim

10 1512 205 1585 colligantium.

20 2817 34 2850 *
46 2818 193 2885 (et-emori·

18 2886 74 2950 tur)
82 2888 113 2939 in
123 2893 197 2939 textu

31 2953 88 3006 aiio
97 2969 188 3006 rncnar.

229 341 301 414 500
563 361 689 413 cassu.
715 360 820 412 cono.
846 357 1122 411 ursicampino.

229 553 314 605 verbo
327 551 478 619 imperavit.
490 549 599 617 Quanta
614 550 669 604 illic
685 549 829 603 admiratio
849 546 931 602 luerit
947 546 1069 616 plebium
1087 546 1140 601 ista
1160 549 1366 616 contuentium,
1383 567 1460 621 quan

229 655 308 704 tusve
320 649 515 718 stnporlaetitia
527 649 629 703 mixtus
640 647 770 703 aestimari
778 648 792 677 ⁸
803 652 904 717 potest;
916 646 981 716 qnia
993 662 1093 715 magna
1104 647 1170 700 dum
1181 648 1312 703 viderent
1322 649 1461 706 innumera

229 751 398 813 diversorum
407 764 507 816 genera
516 749 681 816 serpentium
691 747 750 800 sine
758 746 867 799 laesione
874 744 1109 808 hominum‚valut
1117 745 1460 818 animaliaoestrisagitata,

229 848 360 917 diffugere
369 863 418 916 per
430 847 542 900 dumeta
552 847 703 900 maximum
717 847 758 899 sui
772 844 921 914 sequentia.
930 844 998 897 Ecce
1010 860 1057 912 pro
1068 848 1143 898 certo
1155 845 1310 900 isaianum
1322 846 1390 903 illud
1399 849 1460 902 rati·

230 947 330 1000 ciuium
343 946 523 1000 historialiter
535 945 737 1013 complebatur:
753 945 763 969 ⁸
779 943 963 997 Delectabitur
975 942 1064 996 iulans
1076 943 1113 997 ab
1126 943 1215 998 ubere
1228 961 1316 1014 super
1333 946 1484 1002 foraminet

230 1045 331 1115 aspidis
341 1050 368 1099 et
380 1045 407 1098 in
419 1061 536 1098 caverna
547 1045 633 1112 reguli
651 1043 698 1112 qui
710 1043 863 1096 ablactatus
875 1041 956 1095 luerit
964 1041 1054 1095 mittet
1065 1082 1086 1106 ,.
1099 1043 1193 1096 lufaus
1206 1049 1303 1098 autem
1317 1046 1461 1115 mysticeiu

229 1144 331 1211 aspidis
342 1143 477 1197 foramine
489 1160 602 1197 manum
615 1159 695 1196 suam
707 1142 798 1206 mittit,
810 1142 876 1194 dum
892 1141 1008 1209 simplex
1020 1141 1110 1209 quivis
1121 1142 1150 1195 in
1168 1142 1289 1198 ecclesia
1307 1161 1358 1214 per
1368 1146 1462 1201 oratio·

229 1258 294 1296 nem
315 1244 349 1296 de
367 1241 486 1296 obsessis
507 1242 649 1296 diabolum
670 1240 797 1296 excludit.
818 1239 949 1294 Similiter
971 1244 1000 1293 et
1021 1239 1174 1294 ablactatus
1194 1258 1315 1297 manum
1340 1245 1423 1300 mittit
1436 1246 1462 1300 iu

230 1357 348 1394 caverna
368 1340 463 1409 reguli,
483 1341 548 1394 dum
572 1341 689 1408 quisque
713 1339 837 1393 doctrina
860 1338 997 1407 perfectus
1020 1338 1122 1392 diaboli
1144 1340 1271 1408 nequitia
1295 1342 1461 1396 credentium

230 1440 362 1493 emundat
379 1439 470 1492 corda.
488 1438 666 1492 Revereudus
679 1438 771 1506 itaque
784 1437 895 1491 Domini
911 1437 1039 1491 sacerdos
1049 1437 1177 1492 Clemens
1188 1438 1263 1493 stola
1281 1439 1462 1510 colligatum⁸
1477 1444 1497 1492 tt

230 1542 383 1606 serpentem
403 1536 476 1590 mole
489 1535 611 1604 corporis
626 1535 822 1603 pregrandem,
838 1534 975 1603 gressibus
993 1533 1123 1598 velocem,
1139 1535 1266 1589 maxima
1284 1537 1382 1592 cauda
1392 1537 1462 1592 volu·

230 1636 306 1689 mina
322 1635 433 1688 sinuosa
454 1638 516 1703 post
532 1651 561 1687 se
578 1635 742 1698 trahentem,
758 1633 859 1702 quibus
877 1633 970 1687 forsan
991 1633 1015 1686 si
1031 1633 1164 1700 elephans
1181 1633 1279 1689 iricius
1297 1637 1462 1702 oocurdoeet,

230 1734 344 1787 omnino
356 1733 516 1800 colligasset,
528 1734 596 1787 flatu
605 1749 664 1798 sno,
676 1738 709 1786 ut
720 1732 826 1801 physici
842 1732 960 1796 tradunt,
979 1731 1146 1786 extinxisset
1159 1732 1251 1800 Hunc,
1269 1735 1462 1805 iuquampou·

229 1833 295 1887 tifex
314 1833 449 1901 gloriosus
466 1832 583 1901 propriis
601 1832 729 1886 manibus
750 1832 785 1885 ad
802 1831 892 1885 Salliae
911 1831 1026 1885 fluvium
1043 1847 1132 1900 nsque
1152 1833 1293 1900 perdunt,
1314 1835 1363 1903 qui
1384 1851 1462 1903 prope

229 1931 465 2000 amphitheatrum
477 1931 603 1993 decurrit,
616 1946 735 1998 eumque
747 1930 857 1983 solvens
875 1929 923 1983 tali
940 1929 1113 1997 adjuratione
1128 1945 1197 1983 usus
1216 1936 1259 1984 est
1279 1931 1309 1986 iu
1321 1931 1416 1986 illurn:
1432 1932 1463 1986 la
1475 1936 1497 1982 tt

229 2033 336 2084 nomine
348 2031 461 2083 Domini
472 2032 560 2083 nostri
567 2031 635 2083 Jeeu
646 2031 751 2082 (lirim
762 2046 839 2096 quem
852 2029 923 2082 beati
931 2029 1007 2081 Petri
1016 2029 1202 2095 apostolorum
1218 2031 1361 2098 principis
1370 2031 1461 2098 prndi-

229 2131 333 2182 cationc
345 2144 438 2180 aerum
450 2128 533 2181 Deum
546 2129 650 2194 opnooi,
663 2129 746 2181 draco
754 2128 876 2195 pestifer,
886 2128 1013 2194 precipio
1026 2127 1083 2191 tibi,
1094 2134 1125 2179 ut
1142 2143 1204 2180 cum
1220 2131 1380 2196 oeruniferc
1396 2132 1464 2182 omni

229 2228 404 2280 multitudine
426 2227 476 2279 tibi
496 2224 642 2281 coherente
661 2229 775 2293 fluvium
795 2227 910 2279 orbana
930 2227 1013 2278 istum
1029 2232 1217 2294 pertranseas,
1236 2229 1311 2280 nulii
1329 2229 1461 2282 ironiam

228 2328 324 2379 onrado
344 2342 391 2378 acu
414 2327 563 2379 beatiorum
585 2343 690 2391 noceas,
714 2328 800 2378 locum
820 2326 854 2378 ab
875 2327 948 2378 oncri
968 2325 1090 2377 humano
1112 2328 1320 2380 consumerer
1340 2335 1461 2382 caum

230 2426 334 2477 aubroc.
1471 2425 1493 2474 a

269 2520 404 2577 XVIII.
427 2520 520 2575 Bestia
530 2536 650 2588 nequam
662 2519 752 2572 soluta
764 2518 903 2572 celeritate
916 2517 986 2571 mira
1003 2533 1053 2571 sna
1071 2533 1134 2572 cum
1155 2519 1233 2573 omui
1251 2520 1458 2587 genimineilico

228 2621 360 2683 discessit,
371 2619 464 2688 sicque
476 2616 604 2687 prolatus
615 2615 651 2668 ab
663 2613 738 2667 omni
752 2617 826 2681 peste
838 2613 966 2681 deinceps
978 2613 1126 2667 mundatus
1146 2618 1188 2666 est
1202 2612 1290 2679 locus,
1302 2621 1335 2669 nt
1353 2631 1403 2670 nec
1419 2614 1457 2668 rix

228 2719 376 2788 aliquando
388 2733 491 2772 nocens
510 2714 676 2769 vermiculus
691 2712 730 2766 ibi
748 2712 907 2781 reperiatur.
919 2711 972 2765 Sed
984 2716 1012 2765 at
1027 2712 1051 2765 si
1068 2711 1220 2780 aliquando
1238 2712 1305 2768 illuc
1322 2714 1358 2768 ab
1374 2713 1457 2784 aliquo

230 2817 313 2871 luerit
324 2815 439 2879 delatus,
452 2813 522 2866 miro
541 2810 628 2865 sancti
641 2809 790 2864 Clementis
801 2809 899 2862 merito
912 2808 1045 2863 emoritur
1053 2809 1076 2862 ⁸.
1088 2808 1144 2862 Nec
1163 2808 1264 2878 inipso
1278 2815 1387 2865 tautum
1403 2810 1456 2864 loco

230 2915 347 2970 salubris
366 2917 509 2982 prestatur
527 2909 666 2971 securitas,
678 2925 774 2962 verum
793 2909 876 2962 etiam
893 2907 916 2961 si
933 2907 1032 2961 alicubi
1052 2912 1123 2961 terra
1142 2908 1175 2961 de
1194 2907 1254 2977 ipso
1273 2909 1338 2964 loco
1355 2914 1490 2978 sumptatt

229 3031 293 3069 cum
306 3014 359 3066 ilde
372 3012 560 3073 transferatur,
572 3009 643 3062 miro
657 3008 739 3062 modo
755 3008 829 3062 noxii
843 3023 909 3061 mox
921 3008 1075 3075 effugantur
1092 3022 1196 3075 angues
1215 3008 1260 3062 vel
1273 3008 1456 3063 enecantur.0

229 3127 293 3165 vere
306 3110 406 3164 Christi
419 3108 581 3177 discipulum
591 3107 737 3174 virumque
755 3105 952 3173 apostolicum!
968 3104 1046 3171 quus
1059 3104 1150 3158 omnis
1161 3105 1247 3159 noxia
1259 3107 1347 3174 pestis
1356 3106 1456 3175 subjici·

229 3214 275 3265 tur
285 3209 407 3277 imperio.
422 3208 445 3262 Ο
462 3223 546 3275 quam
562 3210 660 3275 potens
677 3204 777 3259 divinis
793 3204 859 3272 jam,
871 3203 952 3257 beate
968 3202 1102 3267 Clemens,
1117 3204 1278 3272 aspectibus
1295 3205 1406 3271 assidu
1416 3205 1455 3274 qui

229 3309 319 3363 adhuc
332 3307 410 3361 terris
423 3306 517 3360 vivens
527 3304 610 3358 tantis
622 3303 748 3357 effulsisti
757 3302 852 3370 siguis!
860 3302 936 3356 Nunc
945 3301 1026 3370 igitur
1034 3307 1128 3371 pastor
1136 3302 1362 3369 clementissime,
1371 3310 1455 3358 nosue

229 3407 264 3460 de
277 3411 386 3474 pectore
398 3404 583 3473 serpentinam
593 3419 701 3456 morum
714 3401 855 3456 lasciviam
867 3400 980 3470 depelle,
992 3400 1219 3470 affluentiamque
1229 3402 1302 3456 roris
1313 3403 1399 3457 sancti
1406 3401 1455 3471 Spi-
1467 3405 1488 3456 lt

229 3505 298 3558 ritus
309 3509 409 3559 nostras
421 3504 506 3557 menti
520 3503 651 3556 contiuua
664 3517 743 3569 prece
753 3500 859 3554 infundi
871 3501 996 3569 deposce.

270 3601 425 3658 xvn11.
448 3601 609 3670 Serpentina
627 3600 802 3653 multitudine
815 3598 945 3667 propulsa
962 3598 1059 3650 beatus
1071 3597 1205 3666 pontifex,
1215 3599 1355 3667 gaudente
1367 3596 1455 3668 populo

230 3702 264 3756 ad
277 3702 373 3755 urbem
387 3701 544 3770 regreditur,
558 3700 642 3753 virtus
652 3698 752 3753 Christi
765 3714 865 3767 magna
882 3714 933 3752 suo
945 3696 973 3750 iu
993 3700 1088 3750 sancto
1106 3696 1274 3764 predicatur
1291 3703 1319 3752 et
1335 3699 1456 3754 urenae

231 3817 299 3854 voce
310 3816 358 3869 per
375 3805 464 3854 totum
478 3800 528 3853 iter
540 3799 742 3868 proclamatur:
756 3799 821 3852 Vere
840 3814 956 3865 monas
967 3798 1042 3850 Deua
1052 3797 1136 3850 «lesus
1156 3773 1287 3852 aristus
1304 3806 1328 3852 et
1343 3815 1401 3852 cere
1411 3797 1456 3865 ipsi

228 3916 371 3968 precones,
383 3900 472 3952 nostrl
479 3900 603 3966 hospites,
618 3899 677 3950 aine
689 3898 750 3950 dolo
761 3903 825 3950 sunt
836 3904 860 3949 et
872 3912 986 3948 maces.
998 3892 1093 3961 ltaque
1105 3893 1152 3947 tali
1166 3893 1291 3961 tripudio
1303 3896 1399 3949 beatus
1408 3894 1454 3948 Cle
1465 3896 1486 3947 a

230 4014 309 4050 mens
322 3997 442 4066 hospitio
463 3997 585 4050 redditur
605 4012 664 4049 suo.
681 3995 735 4049 Ubi
750 4011 812 4048 curn
829 3993 993 4056 advenisset,
1010 3992 1073 4047 ilico
1091 3992 1125 4045 de
1143 3992 1277 4060 baptismi
1297 3995 1455 4063 susceptione

231 4112 328 4150 omnes
339 4096 466 4149 hortatur
484 4095 555 4149 dulci
567 4095 705 4148 affamine.
717 4093 864 4163 Frequenti
876 4094 950 4146 enlm
968 4091 1091 4145 doctrina
1103 4095 1181 4145 eraut
1199 4091 1316 4160 riganda
1328 4093 1454 4162 gentilium

231 4196 321 4259 corda,
331 4195 395 4263 quia
405 4200 510 4248 remota
524 4211 588 4248 vera
600 4194 650 4247 Dei
662 4193 761 4247 notitia
773 4193 851 4262 quasi
864 4191 952 4261 pulvis
965 4191 1109 4244 exstabant
1120 4189 1206 4254 arida,
1220 4191 1373 4246 stoliditate
1384 4189 1454 4245 idolo

232 4310 293 4347 rum
305 4294 450 4347 obcaecata.
463 4294 630 4363 Implebatnr
646 4293 703 4360 jam
720 4297 845 4360 ternpore
857 4292 990 4345 moderno
1010 4289 1084 4359 quod
1096 4288 1240 4358 psalmista
1259 4293 1419 4344 exoraverat
1433 4287 1453 4341 iu

232 4393 345 4462 antiquo
360 4394 370 4417 ⁸
388 4393 473 4446 Rivos
485 4393 544 4461 ejus
558 4434 579 4458 „
596 4392 759 4445 subauditur
776 4392 826 4446 Dei
838 4390 966 4455 fluminis,
979 4391 990 4414 ⁸
1005 4388 1152 4452 inebrians,
1162 4388 1319 4458 multiplica
1330 4386 1483 4458 geniminalt

233 4492 292 4558 eJ'us
304 4530 325 4555 ,.
336 4491 399 4544 Rivi
411 4491 532 4544 fluminis
541 4491 598 4554 Dei,
608 4490 634 4543 id
648 4495 689 4543 est
697 4491 814 4558 Spiritus
826 4489 921 4554 sancti,
932 4492 996 4541 sunt
1007 4486 1199 4556 predicatores
1212 4488 1325 4556 Christi,
1332 4486 1453 4558 genimine

232 4605 298 4643 vero
308 4590 367 4656 ejus
384 4590 524 4643 auditores
536 4589 610 4654 boui,
622 4589 670 4657 qui
679 4594 745 4642 tnnc
757 4590 829 4642 bene
839 4587 1001 4656 germinant,
1014 4587 1081 4640 dum
1093 4585 1234 4640 intellecta
1243 4587 1374 4657 operibus
1385 4581 1453 4639 atui·

233 4689 357 4740 nistrant.
370 4688 448 4742 Dulci
460 4705 523 4758 ergo
536 4704 664 4743 sermone
681 4688 779 4742 beatus
797 4687 923 4742 Clemens
942 4685 1141 4741 adhortabatur
1159 4686 1274 4740 diceus:
1293 4682 1454 4741 Delectisaini
