3270 5400
308 362 381 439 520
643 383 770 437 ceren.
795 384 901 437 cono.
926 381 1206 436 moioemrmc.

472 592 571 638 sexus
585 592 659 657 quae
674 572 881 654 precedebat
902 574 936 636 et
955 571 1217 655 consequebatur
1237 592 1280 639 ex
1299 573 1492 657 conjectura
1510 579 1544 641 et

469 672 592 756 judicio
607 675 816 754 expertorum
829 670 1008 735 accedebat
1021 671 1065 736 ad
1082 672 1227 755 quinque
1247 672 1339 737 milia
1359 672 1543 753 homiuum,

472 772 555 836 inter
570 790 651 853 quos
666 771 796 835 audires
809 789 869 852 per
882 770 950 835 atta
967 769 1073 834 cordis
1088 770 1229 852 suspiria
1242 771 1406 853 singultus
1420 771 1545 855 glorifi-

473 870 617 935 cantium
637 874 671 934 et
690 868 896 935 laudantium
920 869 1026 934 Deum
1049 869 1083 934 in
1108 869 1230 934 sanctis
1250 871 1334 935 suis.
1359 871 1436 935 Non
1457 871 1543 937 enim

472 969 614 1036 arbitror
627 970 779 1052 cuiquam
794 969 920 1033 ratione
934 969 1037 1034 utenti
1059 973 1128 1033 tam
1148 988 1287 1034 saxeum
1307 973 1440 1052 pectus,
1454 969 1542 1054 quod

474 1070 517 1134 ad
542 1072 711 1151 aspectum
739 1072 808 1133 tarn
834 1068 1027 1133 felicissimae
1047 1067 1346 1151 triumphantisque
1368 1069 1542 1136 beatorum

474 1168 638 1232 societatis
654 1188 722 1251 prm
736 1167 855 1249 gaudio
866 1186 931 1231 non
946 1166 1128 1231 emolliatur
1147 1186 1252 1250 usque
1272 1166 1315 1231 ad
1333 1167 1544 1234 lacrimarum

475 1267 766 1347 compunctionem.
799 1263 905 1346 HuJ‘us
940 1262 1103 1346 siquidem
1138 1263 1355 1348 processionis
1390 1266 1543 1331 cirnritus

477 1363 535 1429 luit
556 1365 598 1428 ab
620 1383 752 1446 egressu
781 1363 907 1428 eminus
932 1362 1142 1427 ascendendo
1172 1362 1293 1428 directo
1322 1366 1459 1430 tramite
1487 1384 1545 1447 per

476 1464 580 1528 lorum
592 1464 625 1527 in
637 1464 752 1538 vicum,
767 1461 822 1545 qui
838 1463 926 1527 ducit
942 1461 1098 1526 Leodium
1109 1465 1142 1526 et
1153 1461 1230 1525 inde
1241 1462 1475 1528 descendendo
1488 1483 1546 1546 per

476 1562 610 1627 ruellam
626 1582 700 1646 quae
716 1560 833 1626 dicitur
847 1560 991 1626 Canum
1012 1561 1044 1625 in
1057 1561 1144 1625 viam
1161 1560 1501 1628 Mulmundariensem
1514 1566 1547 1629 et

477 1680 516 1725 ex
531 1680 571 1726 ea
586 1660 773 1725 immediate
787 1659 937 1725 intrando
951 1659 1066 1744 (ruptis
1081 1659 1229 1741 sepibus)
1244 1659 1279 1724 in
1295 1664 1431 1742 pratum
1446 1663 1546 1727 eccle-

476 1760 533 1825 siae
554 1759 633 1824 illud
654 1758 980 1842 quandrangulariter
1000 1759 1133 1841 quando
1158 1778 1263 1842 usque
1288 1758 1333 1823 ad
1360 1759 1548 1826 inferiorem

476 1858 546 1940 ejus
570 1862 697 1941 partem
728 1857 849 1923 ibidem
875 1859 960 1923 circa
987 1856 1134 1922 officinas
1163 1858 1197 1921 in
1226 1858 1402 1923 ecclesiam
1431 1859 1548 1924 iterum

475 1957 666 2022 revertendo
681 1957 736 2021 ubi
752 1956 836 2021 lacto
851 1975 1001 2020 sermone
1013 1954 1230 2021 inchoabatur
1245 1955 1360 2020 missa.

435 2055 580 2121 Sabbato
600 2055 797 2138 praecedenti
813 2058 887 2138 post
901 2054 1076 2137 prandium
1096 2052 1286 2119 advenienti
1302 2054 1447 2136 glorioso
1460 2075 1547 2121 mar-

478 2153 539 2236 tyri
554 2157 668 2219 sanctc
683 2152 816 2230 Quirino
828 2156 860 2217 et
874 2153 941 2217 suis
956 2151 1164 2233 complicibus
1180 2152 1324 2216 domnus
1342 2152 1450 2217 abbas
1463 2173 1548 2236 prae·

478 2252 564 2316 latus
586 2256 617 2316 et
639 2256 818 2317 conventus
832 2251 1033 2316 Stabuleusis
1055 2251 1087 2314 in
1111 2250 1193 2316 albis
1209 2254 1241 2315 et
1255 2252 1371 2333 cappis
1386 2271 1545 2317 unacum

478 2352 599 2434 populo
624 2354 852 2434 processerunt
872 2350 1001 2414 obviam
1021 2351 1182 2433 usquein
1208 2368 1324 2431 agrum
1348 2351 1405 2435 qui
1432 2351 1549 2417 dicitur

428 2484 430 2489 ·
479 2450 664 2515 terminus
699 2450 911 2532 pasionum,
934 2449 1004 2514 illos
1036 2448 1157 2513 ibidem
1187 2448 1369 2514 honorifice
1408 2453 1442 2515 et
1477 2469 1551 2515 cum

479 2549 600 2632 ingenti
622 2549 740 2632 gaudio
755 2548 982 2630 suscipientes3
1009 2551 1042 2612 et
1066 2547 1100 2611 in
1125 2545 1266 2612 crastino
1291 2547 1377 2612 lacto
1399 2549 1551 2632 prandio,

480 2668 623 2731 eousque
631 2647 701 2730 pari
709 2647 806 2711 modo
814 2647 970 2711 ducatum
985 2647 1207 2728 praebuerunt,
1220 2645 1350 2725 devote,
1362 2652 1550 2713 reverenter

482 2751 514 2812 et
529 2747 691 2811 humiliter
705 2746 857 2811 omnibus
865 2744 1093 2810 valedicentes.

381 2862 438 2917 Fol.
447 2863 490 2917 65¹
502 2863 624 2916 invenies
633 2862 739 2931 aliquot
750 2862 881 2931 rescripta
891 2860 1076 2916 medicinalia.

317 3335 543 3425 ccxxxiv
545 3402 553 3425 .
573 3336 698 3425 (lodex
715 3336 821 3449 apud
838 3336 885 3424 D.
903 3335 1103 3447 Phillipps
1120 3336 1307 3446 signatus
1333 3350 1377 3421 n⁰
1403 3336 1554 3425 12461.

348 3559 488 3613 Foliorum
503 3559 560 3623 301,
571 3558 667 3612 iormre
679 3556 791 3624 majoris
808 3557 898 3623 (0¹²‚40
911 3563 936 3613 ><
950 3556 1027 3621 037),
1044 3554 1115 3609 binis
1126 3553 1273 3618 columnis,
1282 3554 1364 3609 lineis
1372 3556 1448 3625 stylo
1460 3557 1552 3610 terreo

257 3690 259 3697 ·
317 3657 413 3724 ductis,
424 3675 441 3712 a
452 3657 567 3712 diversis
578 3674 631 3711 sec.
643 3656 691 3709 llll
704 3656 816 3710 ineunte
827 3661 963 3710 exaratus.
975 3654 1059 3710 Tituli
1071 3653 1203 3709 rubricati
1225 3659 1298 3718 sunt,
1318 3654 1444 3724 itemque
1457 3655 1557 3710 littere

317 3757 506 3826 majoresdol.
514 3759 538 3811 1¹
549 3757 608 3810 haec
619 3755 718 3825 scripta
728 3759 792 3809 sunt
801 3775 807 3808 :
817 3757 871 3808 late
881 3756 950 3808 liber
960 3756 1055 3808 decani
1065 3762 1089 3808 et
1098 3762 1243 3808 concentus
1252 3753 1559 3809 stabulensiadlultam

317 3873 427 3926 quoque
436 3856 563 3924 injuriam
574 3856 660 3910 codex
670 3871 766 3924 pessus
775 3860 816 3908 est
824 3874 830 3907 ε
838 3869 902 3907 nam
909 3852 1059 3923 sepissime
1069 3869 1132 3922 pars
1143 3852 1297 3921 marginum
1310 3852 1429 3907 interior
1435 3853 1561 3907 abscissa

319 3959 395 4010 estet
407 3955 472 4010 lolia
490 3971 546 4009 non
564 3971 650 4024 pauca
667 3953 762 4008 avulsa
775 3973 781 4007 :
796 3969 916 4022 quorum
934 3952 989 4007 alia
1007 3951 1063 4018 jam
1082 3952 1195 4005 deerant
1214 3967 1267 4005 sec.
1288 3949 1364 4004 XVll
1386 3952 1456 4005 dum
1469 3952 1560 4006 codex

318 4053 568 4123 compaginabatun
580 4052 634 4106 alia
645 4053 789 4121 posteriori
802 4057 881 4105 aetate
894 4051 1038 4119 improbus
1052 4050 1164 4119 quidam
1176 4049 1284 4104 avulsit

423 4255 457 4324 1⁰
482 4251 612 4325 Passio
631 4251 691 4323 gae
708 4248 944 4343 [Aualstasiae
962 4248 1135 4341 martyris
1152 4248 1225 4345 (tol.
1247 4249 1355 4345 ra).

352 4382 454 4437 Partim
467 4382 540 4436 celita
552 4384 623 4452 opud
635 4382 830 4445 blombritium,
843 4383 942 4451 partim
952 4382 981 4434 in
991 4382 1157 4435 Bibliotheca
1171 4381 1322 4434 Gasinerei.
1333 4379 1403 4435 Vide
1415 4397 1513 4451 supra.

419 4485 456 4556 2⁰
481 4507 505 4557 11
518 4485 598 4558 Kal.
611 4484 775 4557 lanuarii
794 4484 929 4557 natalis
947 4483 983 4557 S.
1003 4480 1168 4555 Silvestri
1185 4502 1293 4573 papae
1310 4480 1388 4578 (iol.
1418 4483 1564 4582 ΜΓ).

354 4614 433 4668 reita
444 4615 517 4683 apuu
527 4614 721 4678 uomentium,
731 4619 797 4668 rom.
810 4614 841 4667 11.

422 4716 458 4789 3⁰
484 4715 732 4808 Amphilochii
767 4714 926 4808 episcopi
965 4712 1077 4787 lconii
1110 4713 1150 4786 in
1184 4710 1261 4786 vita
1295 4718 1334 4787 et
1367 4712 1566 4791 miraculis
