3338 5394
424 389 517 440 aran.
536 389 617 439 ano.
636 388 811 440 raonem..
831 411 877 420 —
897 386 1125 443 commotio.
1322 367 1394 442 975

203 575 237 634 6.
261 576 330 631 Nam
348 578 395 631 nbi
412 577 534 646 gentium
553 578 567 607 a
585 578 806 641 destruebantur,
823 579 914 632 statim
936 578 1105 633 monasteria
1120 583 1168 632 aut
1185 578 1313 633 ecclesias
1331 595 1394 633 con·

161 678 291 741 struebat,
320 677 451 746 verbique
482 676 552 729 sacri
573 676 673 745 pabulo
695 676 827 744 populum
856 678 980 730 reficiens
1009 678 1132 730 omnium
1154 677 1237 730 corda
1257 678 1394 732 mandatis

161 776 314 831 celestibus
332 776 514 830 illuminabat.
532 776 562 829 ln
580 775 680 843 quibus
701 777 932 830 monasteriorum
953 775 1117 830 habitaculis
1140 776 1197 830 sive
1218 777 1392 831 eeclesiarum

162 874 265 929 cellulis
278 876 350 928 viros
362 881 481 937 sanctos,
493 891 561 944 quos
573 874 706 927 instanter
718 875 853 927 erudierat
872 876 938 928 etin
956 875 1055 944 quibus
1066 875 1202 929 fervorem
1216 882 1316 930 sanetae
1328 877 1395 946 legis

128 981 144 1029 s
162 974 355 1042 conspiciebat,
368 978 401 1027 ad
414 975 546 1042 regendas
559 974 665 1027 animas
677 975 840 1042 pra·posuit;
854 975 911 1042 ipse
924 990 988 1027 vero
1006 975 1065 1027 sine
1084 992 1162 1027 mora
1179 977 1343 1044 properabat
1360 976 1395 1029 ad

162 1072 224 1136 alia,
235 1078 263 1126 et
272 1073 324 1127 sibi
338 1073 442 1126 credita
460 1072 565 1127 cunctis
584 1072 761 1126 ministrabat
782 1073 858 1125 verbi
876 1073 962 1126 divini
980 1074 1093 1127 semina.
1114 1074 1144 1127 ln
1162 1074 1312 1128 Marcianas
1329 1091 1394 1129 vero

162 1173 329 1226 monasterio
352 1176 478 1226 sanctum
498 1171 613 1225 virum...
635 1173 717 1234 (Vide
736 1173 794 1225 Act.
816 1172 870 1234 SS,
882 1175 899 1226 l.
919 1191 940 1225 c.
960 1192 1031 1226 tiaran.
1044 1174 1096 1238 17).
1114 1177 1151 1226 At
1178 1177 1206 1226 in
1229 1177 1316 1227 codice
1338 1183 1396 1242 post

162 1273 240 1324 cerba
249 1289 266 1324 a
275 1277 412 1325 conventu
421 1271 537 1325 seculari
549 1277 672 1325 remotus
684 1275 748 1325 add.
761 1290 813 1340 aeq.
822 1292 831 1324 :
841 1271 895 1326 Ubi
908 1277 964 1325 tam
978 1273 1038 1341 ipsa
1056 1272 1193 1326 llietrudis
1211 1275 1297 1326 electa
1310 1292 1326 1326 a
1338 1275 1395 1328 Deo

162 1387 245 1438 quam
264 1371 322 1438 ejus
339 1376 416 1424 casta
432 1371 579 1439 generatio,
591 1371 751 1424 llaurontus
768 1371 862 1439 utique
884 1371 966 1424 levita
984 1375 1101 1435 sanctus,
1114 1389 1220 1426 necnon
1234 1373 1397 1427 adalsendis

112 1476 143 1526 to
161 1454 310 1538 miletenae
323 1470 505 1531 Clotbsendis,
516 1470 579 1523 tiliae
590 1470 672 1523 matri
684 1487 740 1523 non
750 1469 905 1531 dissimiles,
919 1475 1002 1538 atque
1015 1473 1102 1524 sorori
1115 1488 1179 1535 suaa,
1189 1473 1313 1525 Eusebiae
1324 1472 1396 1527 ride·

160 1568 224 1622 licet
232 1568 328 1637 virgini
340 1575 448 1632 sancte,
457 1569 581 1622 moribus
594 1575 621 1623 ct
630 1569 686 1622 rita
697 1569 858 1637 coaequales,
869 1568 1008 1637 simulque
1016 1576 1078 1637 post
1091 1587 1138 1623 eos
1147 1571 1228 1624 multi
1236 1573 1292 1625 Deo
1303 1572 1397 1626 fideles

161 1667 319 1720 exercitium
330 1673 430 1721 sanctae
440 1667 622 1720 confessionis
634 1666 806 1720 laudabiliter
819 1672 845 1719 et
857 1667 962 1735 absque
977 1667 1174 1736 impedimento
1190 1685 1277 1738 usque
1289 1669 1324 1722 ad
1336 1686 1396 1722 san·

162 1771 236 1819 ctum
249 1766 332 1819 linem
345 1768 409 1820 vitae
420 1766 573 1820 innocentis
585 1769 787 1835 protraxerunt.
805 1767 870 1819 Erat
887 1766 959 1819 enim
975 1766 1014 1819 eis
1026 1783 1081 1820 una
1099 1772 1126 1820 et
1144 1768 1224 1820 firma
1241 1769 1316 1829 fides,
1334 1785 1397 1838 spes

163 1866 349 1919 indubitabilis
359 1871 386 1919 et
396 1866 806 1928 caritasindefessaliumilitas,
816 1864 1305 1935 patientia,misericordia,modestia
1313 1872 1396 1937 atque

112 1974 143 2021 45
162 1970 256 2018 saneta
268 1966 296 2018 in
313 1965 454 2033 praeceptis
467 1967 630 2034 evangelicae
648 1965 838 2034 descriptionis
851 1964 1001 2018 meditatio.
1014 1965 1165 2019 llnanimcs
1177 1983 1240 2035 crgo
1253 1967 1338 2020 sancti
1352 1967 1395 2021 isti

162 2063 317 2118 habitantes
327 2066 354 2118 in
364 2066 447 2118 domo
461 2067 570 2120 Domini
581 2067 792 2135 morigeratione
804 2066 938 2134 condigna
950 2072 978 2120 et
987 2067 1115 2136 operibus
1126 2067 1207 2134 justis
1216 2068 1304 2120 Deum
1317 2065 1395 2135 glori·

161 2161 281 2225 ficantes,
292 2163 326 2216 ad
336 2164 471 2231 promissa
483 2165 657 2232 praemiorum
670 2164 829 2218 habitacula
841 2170 905 2218 sunt
915 2164 1038 2218 translati
1052 2164 1209 2232 gaudentes.

203 2261 236 2317 7.
260 2264 351 2329 Parqr't
363 2263 458 2314 deinde
470 2262 572 2314 Ferror
580 2261 672 2330 itaque
682 2262 828 2315 dominicae
839 2260 994 2315 dilectionis
1006 2261 1075 2328 (atde
1087 2263 1146 2314 Act.
1157 2261 1209 2325 SS,
1222 2264 1239 2316 l.
1253 2280 1281 2328 a,
1293 2280 1395 2315 raurnm.

161 2365 194 2414 17
205 2368 228 2414 et
239 2361 289 2427 18).
303 2362 336 2413 ln
346 2363 400 2426 fine
411 2368 499 2413 aretem
511 2368 571 2427 post
591 2361 667 2413 cerba
687 2359 862 2428 omnipotens
875 2365 903 2413 et
920 2359 1055 2414 mirabilis
1067 2361 1140 2413 Deus
1152 2363 1267 2413 additur
1284 2363 1396 2414 initium

111 2466 143 2517 20
161 2460 281 2512 oliorum
295 2460 436 2511 lectionum
446 2458 588 2519 Hercbatdi,
601 2475 693 2525 areanpe
702 2460 734 2511 de
748 2460 890 2511 elevatione
899 2461 1022 2525 corporis
1040 2459 1072 2511 B.
1084 2459 1181 2511 Jonoti
1193 2457 1225 2521 (e.
1238 2457 1298 2512 Act.
1311 2458 1364 2522 SS.
1377 2460 1394 2512 l.

161 2576 190 2622 a,
198 2575 297 2611 numni.
310 2562 342 2610 19
351 2564 373 2610 et
384 2557 439 2621 20).

929 2862 962 2933 :³

431 3001 540 3151 oxa
568 3065 693 3183 corax
719 3012 977 3197 signanda
1003 3065 1120 3153 9120.

193 3326 331 3380 Foliorum
346 3325 401 3391 186,
412 3332 533 3380 ceterum
547 3326 709 3396 praecedenti
726 3324 831 3389 similis,
841 3341 961 3395 quocum
980 3325 1121 3379 constituit
1132 3325 1291 3380 Passionale
1303 3328 1393 3396 majus

160 3430 249 3479 totum
258 3426 323 3480 anni
335 3425 465 3479 circulum
477 3425 668 3494 complectens.

262 3628 296 3697 1⁰
320 3624 406 3698 Vita
423 3626 458 3696 S.
478 3623 694 3715 Hieronymi
711 3623 790 3716 (fol.
809 3623 921 3716 9-9).

193 3754 271 3808 Edita
279 3755 352 3823 apud
361 3754 457 3823 lligne,
466 3753 495 3807 P.
504 3753 542 3817 Ia,
551 3758 618 3807 tom.
626 3752 709 3816 XXII,
719 3769 745 3820 p.
757 3753 814 3806 909.
826 3753 857 3806 ln
868 3752 930 3806 eod.
943 3768 1029 3807 emm.
1040 3769 1102 3821 quae
1115 3753 1142 3806 in
1152 3751 1234 3806 editis
1246 3757 1392 3808 narramur

159 3855 195 3907 de
205 3854 383 3923 castigatione
399 3869 484 3922 qnam
501 3853 586 3906 subiit
602 3852 785 3921 Hieronymus
803 3851 839 3904 ob
857 3850 974 3905 nimium
993 3852 1116 3905 studium
1133 3868 1188 3921 quo
1207 3851 1346 3906 terebatur
1363 3853 1392 3907 in

159 3952 278 4007 Tullium
298 3952 424 4021 aliosque
442 3951 600 4020 gentilitatis
617 3951 763 4020 scriptores
780 3972 788 4012 ;
810 3951 910 4006 desinit
928 3967 993 4004 vero
1013 3951 1165 4005 secundum
1186 3950 1262 4019 quod
1280 3955 1392 4005 notatur

159 4066 201 4120 ap.
212 4051 307 4119 ldigne,
315 4049 334 4105 l.
344 4068 376 4114 c.,
388 4067 414 4119 p.
426 4051 484 4114 913,
496 4054 589 4103 annot
601 4068 622 4104 c.

257 4169 295 4242 90
319 4168 451 4242 Passio
469 4168 505 4241 S.
523 4168 619 4241 Piati
637 4166 811 4260 martyris
829 4168 909 4259 (fol.
928 4169 1044 4261 2⁹4¹).

194 4298 256 4352 Hac
274 4298 369 4353 Passio
390 4299 513 4352 continet
531 4299 601 4351 Acta
617 4297 643 4351 S.
661 4297 732 4351 Piati
752 4298 800 4351 sed
817 4297 981 4366 interpolata
1001 4316 1008 4350 ε
1029 4296 1103 4350 edita
1123 4301 1165 4350 est
1182 4296 1210 4350 in
1222 4298 1279 4351 Aet.
1290 4297 1344 4362 SS,
1356 4297 1392 4351 ad

161 4398 185 4451 d.
199 4399 210 4452 l
222 4396 339 4460 Octobr..
351 4403 417 4453 tom.
428 4398 450 4465 1,
461 4415 487 4466 p.
499 4398 588 4462 99-94;
599 4396 822 4466 interpolationes
834 4413 899 4450 vero
912 4396 941 4451 in
952 4401 1053 4459 annot,
1062 4413 1087 4465 p.
1097 4396 1182 4450 2496.

258 4517 295 4588 3⁰
318 4515 404 4589 Vita
421 4516 456 4589 S.
475 4514 639 4589 Bavonis
658 4515 736 4608 (fol.
754 4515 870 4610 clf-d).

192 4645 270 4700 Edita
280 4645 353 4714 ibid,
364 4650 431 4700 tom.
442 4646 462 4711 l,
474 4663 501 4715 p.
511 4646 629 4700 999-935
648 4645 679 4699 ln
697 4645 900 4699 cod.num.1·3
917 4643 1186 4708 omm.;ite1nnum.
1205 4645 1220 4698 7
1238 4649 1266 4698 et
1282 4661 1357 4700 num.
1374 4645 1392 4699 8

160 4744 322 4800 omittuntur
333 4760 366 4799 ea
378 4761 440 4815 quar
451 4744 559 4801 uncinis
568 4744 597 4799 in
609 4743 690 4799 editis
699 4743 805 4799 inclusa
814 4748 887 4799 sunt
