3338 5394
393 354 442 426 54
724 377 849 430 caran.
877 377 979 429 cono.
1005 378 1282 432 samosateum.

393 581 449 618 non
461 564 589 619 aliorsum
609 566 712 629 defixis,
728 584 742 620 a
761 568 912 622 Jerusalem
925 568 1026 622 coelesti
1038 573 1192 638 respectum
1209 585 1266 622 suae
1284 568 1456 639 supplicabat
1472 568 1576 622 salutis.
1589 569 1622 622 Et

393 663 459 731 quia
470 662 571 717 diutius
583 664 854 730 activaetlahoribus,
868 666 937 720 bene
948 667 1080 735 proximis
1092 683 1141 735 pro
1154 683 1235 735 posse
1245 666 1412 730 ministrans,
1420 665 1597 719 insudaverat
1603 665 1622 726 4.

392 761 449 828 jam
468 777 539 815 nunc
551 762 626 816 velut
642 763 727 818 blaria
744 765 963 834 contemplativa
974 766 1037 819 vitae
1055 766 1183 829 insidens,
1195 767 1292 819 vivens
1309 766 1375 830 Deo,
1386 765 1622 833 quasi²m0rtuus

394 864 453 913 erat
461 861 564 914 mundo
577 881 583 915 :
595 863 735 930 quoniam,
745 863 772 916 in
781 864 834 917 hac
846 864 1063 934 peregrinatione
1074 864 1135 918 solo
1147 881 1261 933 corpore
1271 865 1444 928 constitutus,
1456 864 1623 933 cogitatione

394 961 422 1010 et
433 958 562 1012 aviditate
572 959 599 1012 in
612 960 657 1013 illa
669 966 711 1014 est
719 967 820 1016 aeterna
831 964 918 1031 patria
929 970 1107 1018 conversatus
1119 966 1139 1018 4.
1639 974 1655 1022 s

436 1055 496 1114 26.
526 1056 647 1111 Tandem
667 1057 747 1128 igitur
763 1077 779 1113 a
797 1077 847 1113 suo
866 1066 1005 1129 respectus
1020 1061 1233 1115 misericorditer
1250 1076 1312 1128 rege
1330 1065 1358 1114 et
1375 1060 1496 1125 domino,
1508 1065 1539 1114 ut
1550 1076 1622 1114 eme

394 1155 462 1209 ritus
474 1156 553 1210 miles
563 1157 733 1225 jamjamque
745 1173 761 1210 a
776 1158 879 1212 militiae
890 1175 946 1212 suae
964 1159 1058 1212 labore
1070 1159 1223 1213 solveretur
1239 1159 1354 1222 diutino,
1368 1158 1521 1213 consociari
1531 1159 1624 1226 jussus

384 1260 436 1309 -est
447 1255 572 1324 polorum
585 1255 659 1324 regni
671 1257 779 1325 gaudio.
796 1257 995 1312 Ministratoriis
1007 1259 1015 1291 ¹
1028 1258 1139 1327 insuper
1157 1258 1267 1312 obviarn
1280 1257 1420 1328 spiritibus
1437 1258 1555 1320 directis,
1566 1256 1624 1311 teli·

395 1353 461 1410 citer
470 1358 606 1422 exceptus,
618 1353 731 1407 feliciter
743 1360 785 1408 est
796 1357 854 1409 Deo
862 1361 1048 1424 praesentatus,
1058 1357 1150 1426 ibique
1161 1374 1218 1411 suae
1226 1357 1323 1410 salutis
1331 1361 1472 1410 auctorem
1481 1356 1624 1410 inveniens

396 1455 422 1504 et
435 1451 446 1485 4
457 1452 591 1520 praevium
601 1453 613 1485 4
622 1453 779 1522 bentgnnrn,
789 1455 915 1508 videlicet
924 1456 1062 1509 Christum
1072 1457 1175 1517 lesum,
1184 1473 1249 1509 vera
1260 1456 1402 1510 confestim
1417 1455 1626 1509 immortalitate
1646 1466 1667 1512 1ι

396 1564 427 1601 ac
439 1564 511 1601 verae
520 1548 620 1602 laetitiae
629 1550 787 1619 designatur
795 1552 975 1620 perpetuitate
987 1553 1091 1616 donari,
1102 1553 1180 1620 juxta
1193 1553 1358 1621 promissum
1371 1552 1522 1606 Salvatoris
1532 1552 1625 1604 dicen·

396 1647 446 1700 tis:
462 1648 559 1711 Venite,
572 1650 700 1702 berredicti
712 1652 805 1704 Putris
814 1654 1009 1720 »ratperoptra
1017 1670 1130 1719 raparum
1138 1661 1265 1721 puratum
1276 1654 1349 1706 cobis
1358 1654 1391 1705 ab
1400 1655 1505 1719 oripine
1513 1652 1625 1704 mundi:

398 1745 424 1798 in
442 1763 497 1815 quo
514 1747 599 1800 sancti
613 1749 742 1802 exultant.
761 1765 857 1803 omnes
874 1751 975 1818 pariter
992 1750 1149 1820 tripudiant,
1169 1750 1305 1819 plenoque
1323 1751 1422 1819 gaudio
1440 1750 1574 1813 laetantes,
1592 1749 1626 1802 de

398 1846 542 1913 praesentia
559 1847 600 1900 sui
613 1848 682 1916 regis
691 1849 810 1914 jubilant
822 1850 971 1918 gaudenter
979 1850 998 1908 ⁴,
1011 1851 1135 1917 Quorum
1148 1851 1244 1905 heatus
1256 1850 1375 1919 praesul⁶
1387 1851 1512 1913 Amatus,
1521 1849 1627 1902 confes-

397 1958 444 1995 sor
461 1944 591 2011 egregius
606 1945 746 2013 copulatus
763 1946 863 2010 choris,
875 1945 921 1999 illa
940 1952 1063 2000 recenset
1079 1947 1191 2014 praemia
1208 1948 1236 2000 in
1253 1947 1358 2016 superis
1371 1947 1382 1980 4
1394 1962 1455 2014 quae
1468 1962 1518 1999 nec
1530 1946 1627 1999 oculus
1644 1957 1654 2004 t

398 2042 473 2107 vidit,
485 2059 535 2096 nec
551 2044 625 2096 auris
642 2045 747 2098 audiuit
763 2062 813 2098 nec
831 2062 876 2099 cor
893 2046 1014 2100 hominis
1035 2048 1220 2115 praecogitavit
1237 2047 1352 2101 Gloria³
1369 2048 1427 2099 ha‘c
1444 2050 1485 2099 est
1497 2045 1627 2098 omnibus

397 2141 498 2194 sanctis
516 2142 582 2209 ejus
601 2143 670 2196 Vere
687 2160 797 2213 quoquc
809 2151 837 2198 ct
852 2145 1033 2199 indeficientis
1051 2148 1123 2199 Deus
1141 2151 1182 2199 est
1202 2146 1270 2199 lueis
1290 2145 1472 2198 illustratione
1487 2144 1626 2222 perfusum

397 2240 455 2309 ipse
468 2242 550 2295 etiarn
565 2243 640 2296 velut
652 2243 693 2297 sol
716 2243 852 2312 refulgens
864 2261 971 2313 semper
988 2250 1015 2298 et
1026 2245 1085 2298 sine
1103 2246 1166 2299 fuco
1183 2250 1256 2298 astat
1273 2243 1311 2298 illi
1329 2244 1470 2306 candidus,
1487 2243 1627 2297 sustinens

397 2341 565 2408 expectando
577 2342 649 2395 diem
662 2359 717 2411 qua
730 2342 807 2396 binas
819 2343 855 2396 sit
865 2343 950 2397 stolas
962 2344 1107 2397 habiturus
1122 2350 1223 2397 etcum
1237 2343 1345 2397 Christo
1363 2342 1519 2412 perenniter
1532 2359 1627 2410 regna·

399 2444 483 2494 turus.

437 2539 496 2596 27.
520 2541 655 2596 Omnibus
667 2541 759 2608 itaque
771 2541 903 2608 condigne
915 2542 1017 2609 paratis
1029 2542 1198 2604 necessariis,
1207 2541 1330 2594 debitum
1342 2539 1490 2608 sepeliendi
1504 2539 1626 2593 officium

396 2639 517 2693 fidelium
527 2654 603 2691 ruore
612 2637 789 2706 complentes
801 2638 829 2690 in
840 2639 913 2691 beati
926 2638 1002 2691 illurn
1015 2639 1166 2692 honorifice
1178 2638 1295 2706 apostoli
1308 2637 1379 2690 Petri
1398 2636 1521 2698 ecclesia,
1533 2636 1627 2689 Idibus

396 2737 563 2807 Septembris
573 2737 582 2772 ¹
593 2736 698 2789 tumulo
710 2737 911 2789 mandaverunt
920 2713 932 2797 ;ι
943 2737 1053 2790 titulum
1071 2754 1182 2806 quoqne
1198 2736 1352 2790 sanctitatis
1369 2736 1454 2805 ipsius
1466 2740 1493 2788 et
1505 2735 1626 2790 nominis

395 2836 511 2905 desuper
520 2835 712 2888 honestissime
721 2841 935 2903 composuerunt
944 2837 962 2888 4.
972 2834 1061 2888 Tanta
1070 2837 1081 2868 4
1090 2829 1273 2903 si'quidemvis
1283 2834 1431 2888 Dominicae
1441 2834 1627 2903 inspirationis

396 2935 539 2990 universos
557 2935 683 3003 attigerat
695 2937 714 2998 ⁴,
727 2939 765 2998 ut,
782 2934 818 2987 ob
831 2934 890 3001 eJus
902 2934 1031 2987 meritum
1049 2939 1105 2988 tam
1124 2934 1196 3002 apud
1211 2934 1297 2987 Deum
1315 2950 1400 3002 quam
1412 2934 1484 3003 apud
1498 2934 1627 2987 homines
1642 2941 1658 2991 t

396 3034 557 3096 maximum,
567 3032 666 3101 singuli
684 3033 786 3101 quique
803 3048 859 3084 non
876 3032 984 3084 modica
1001 3032 1151 3099 sumptus⁶
1168 3031 1207 3085 illi
1225 3032 1330 3084 xenia⁸
1347 3031 1520 3094 contulerint,
1532 3031 1627 3085 multis

396 3136 480 3199 atque
491 3130 628 3184 honorum
638 3131 723 3199 copiis
735 3131 768 3183 ad
781 3130 840 3198 ejus
851 3130 986 3183 honorem
1000 3129 1131 3197 templum
1144 3129 1336 3182 dedicaverInt.
1349 3129 1409 3198 lpse
1421 3146 1487 3183 vero
1499 3129 1626 3182 hlauron-

396 3235 447 3294 tus‚
458 3230 499 3283 vir
510 3230 640 3299 egregius
652 3228 786 3283 universis
798 3245 909 3297 quoque
921 3227 1045 3281 minister
1056 3232 1191 3291 strenuus,
1201 3232 1298 3281 cuncta
1306 3227 1348 3281 sui
1357 3228 1514 3296 patrimonii
1524 3227 1626 3296 praedia

396 3346 445 3399 per
456 3331 612 3384 chartarum
624 3329 675 3397 ipsi
691 3328 802 3381 tradidit
815 3328 1002 3390 instrumenta,
1015 3327 1162 3396 disponens
1180 3327 1270 3380 locum
1283 3332 1365 3395 prout
1377 3327 1491 3395 rogabat
1503 3326 1602 3382 modus
1615 3326 1626 3360 4

397 3434 424 3483 et
435 3445 479 3483 res
491 3428 633 3496 condigna,
642 3427 765 3495 praebens
774 3441 807 3478 ex
817 3425 932 3494 propriis
942 3424 1035 3479 omnia
1043 3426 1205 3478 necessaria.
1214 3425 1256 3478 Ad
1265 3425 1405 3479 cumulum
1416 3430 1509 3479 autem
1519 3426 1531 3459 4
1542 3426 1625 3480 virtu·
1642 3436 1668 3485 3·

397 3529 432 3583 tis
444 3528 578 3596 inceptre⁹
592 3528 660 3579 dans
672 3525 868 3594 plenitudinem
878 3541 967 3593 operas
976 3525 1007 3588 ¹⁰,
1013 3524 1141 3577 omnibus
1150 3540 1212 3592 quae
1221 3524 1380 3593 possederat
1390 3525 1625 3588 renuntians‚sese

397 3627 555 3681 macerabat
579 3627 630 3695 piis
651 3606 793 3680 exercitiis.
813 3625 928 3694 Talique
943 3627 1094 3679 terminans
1115 3625 1199 3678 vitam
1221 3625 1275 3678 fine
1287 3625 1465 3678 beatitudinis
1482 3627 1625 3695 pervenire

396 3725 498 3779 meruit
510 3725 544 3777 ad
556 3724 668 3793 gloriam
681 3741 797 3777 summm
809 3724 917 3792 quictis.

438 3823 495 3883 28.
517 3823 629 3875 Fecerat
641 3821 744 3874 interea
757 3822 766 3854 ¹
779 3821 875 3873 beatus
887 3819 1027 3872 confessor
1039 3819 1154 3872 Arnatus
1166 3819 1177 3852 4
1189 3835 1281 3872 massa
1292 3820 1402 3872 ⁸ferrea
1413 3821 1425 3853 4
1436 3826 1543 3874 secreto
1556 3823 1624 3873 cate

396 4007 451 4044 --l
463 4006 526 4059 vitae
539 4007 602 4058 edd.
614 4005 679 4057 3.-
692 4002 853 4056 ⁸insudaret
862 4002 892 4060 4;
904 3999 1045 4052 insudaret
1055 4000 1080 4053 3.
1092 4028 1122 4037 -
1136 4000 1146 4033 4
1159 4001 1198 4053 tto
1210 4001 1234 4063 3,
1245 4002 1275 4064 4;
1294 4000 1360 4068 quia
1378 4002 1400 4054 1.
1417 4027 1448 4039 -
1460 4000 1473 4034 ⁸
1483 4001 1625 4067 (iu-conr.)

396 4091 436 4142 fta
447 4090 476 4151 4;
489 4088 516 4141 in
528 4087 574 4140 illa
585 4093 627 4139 aet.
639 4102 664 4154 p.
678 4088 854 4137 conversatus
866 4087 908 4135 est
918 4083 950 4143 3;
963 4081 990 4133 in
1002 4081 1018 4134 i.
1032 4087 1074 4134 est
1085 4087 1125 4134 aet.
1136 4099 1161 4150 p.
1175 4083 1339 4136 constitutus
1353 4084 1375 4135 1.

428 4169 503 4223 llum
522 4168 562 4223 26.
579 4198 612 4207 -
631 4169 642 4202 ¹
666 4165 1066 4234 Ministratoriis-praesentatus)
1091 4182 1142 4218 om.
1164 4167 1189 4219 3.
1213 4194 1245 4202 —
1269 4166 1281 4199 4
1302 4166 1457 4232 (et-iesum)
1478 4183 1530 4220 orn.
1552 4168 1576 4220 3.
1594 4194 1625 4204 -

396 4253 562 4322 ⁸praemium
575 4253 639 4306 4.-
651 4252 663 4285 4
675 4252 824 4320 gaudentes
830 4251 853 4303 3.
863 4279 895 4287 -
907 4249 919 4283 ⁶
929 4266 980 4303 om.
992 4248 1016 4302 4.
1025 4277 1057 4285 -
1067 4249 1078 4283 4
1090 4252 1119 4301 in
1129 4250 1146 4302 4
1158 4252 1242 4318 prius
1254 4248 1386 4317 superuis.
1398 4251 1453 4302 aed.
1465 4267 1537 4302 corr.
1549 4264 1625 4317 supe·

396 4336 484 4390 ris-
496 4334 804 4403 ⁷(Gloria·regnaturust
816 4351 866 4387 om.
878 4333 901 4386 3.

428 4415 549 4470 lumbi.
560 4445 591 4454 -
605 4418 614 4450 ¹
625 4415 674 4483 (ld.
682 4417 766 4484 Sept.)
778 4434 829 4470 om.
839 4417 864 4478 3,
875 4416 899 4467 4.
913 4442 942 4452 -
952 4414 964 4447 4
976 4413 1165 4482 imposuerunt
1174 4414 1198 4478 3,
1210 4415 1234 4466 4.
1245 4440 1274 4447 -
1284 4412 1296 4447 4
1306 4413 1395 4479 (tanta
1403 4431 1488 4482 usque
1499 4417 1537 4467 cd
1546 4415 1627 4480 {inm

395 4502 479 4563 nuni.)
492 4517 541 4553 oni.
550 4500 574 4552 3.
587 4527 614 4537 -
625 4498 637 4532 4
649 4498 794 4566 attingeret
802 4498 826 4550 4.
839 4527 869 4535 -
881 4496 893 4530 ⁶
905 4497 1001 4549 subtus
1013 4498 1036 4549 4.
1047 4525 1078 4532 -
1088 4496 1100 4530 4
1111 4500 1151 4549 ito
1162 4497 1194 4559 4;
1205 4495 1344 4550 villixenia
1356 4498 1379 4549 1.
1390 4524 1419 4533 -
1433 4496 1444 4530 4
1456 4496 1547 4551 modis
1558 4498 1583 4550 4.
1594 4523 1626 4534 -

395 4583 527 4651 l(puroque
535 4583 560 4634 4.
572 4610 599 4619 -
610 4582 622 4616 4
633 4586 771 4648 concepta
782 4581 806 4632 4.
817 4608 847 4617 -
861 4579 885 4613 ¹⁰
896 4582 934 4631 ita
947 4580 978 4641 4;
990 4595 1072 4646 opere
1083 4580 1105 4631 1.

428 4663 503 4717 llum
515 4662 555 4716 28.
564 4693 596 4700 -
610 4664 618 4697 ¹
631 4668 763 4731 praterea
771 4663 796 4725 3,
804 4662 828 4714 4.
839 4692 870 4700 —
880 4661 892 4694 4
901 4666 928 4714 et
936 4660 1035 4730 praesul
1044 4661 1068 4724 3,
1077 4662 1101 4713 4.
1114 4691 1143 4700 -
1153 4661 1165 4693 4
1174 4677 1209 4715 ex
1218 4677 1309 4714 massa
1319 4661 1343 4713 4.
1354 4689 1383 4699 -
1393 4661 1406 4694 4
1414 4665 1496 4729 prius
1505 4678 1624 4716 massam

396 4747 513 4801 ferream
522 4746 546 4799 3.
