3270 5400
436 332 529 383 aras.
546 331 629 384 asc.
648 331 820 384 nanuum.
839 353 884 362 -
903 331 984 385 con.
1001 322 1040 382 ΝΟ
1057 330 1181 383 orso-oo.
1350 312 1422 386 365

231 520 337 575 'l'snrro
356 537 415 575 mus
436 522 589 575 Fssauamr.
598 521 693 575 Castro
702 519 869 575 Nantonensi
880 519 966 574 sancti
977 520 1099 575 Severini
1146 521 1191 588 (1).

231 619 351 675 Ssermo
371 621 435 674 Kar..
447 620 566 674 Ananis.
576 620 690 674 Colonia
700 618 837 689 Agrippia,
853 619 882 672 in
894 616 1008 673 ecclesia
1017 620 1104 674 sancti
1112 620 1255 689 Augustini
1263 621 1278 652 *
1289 621 1423 675 memoria

196 719 285 774 sancti
298 719 454 774 Constantii
465 719 600 788 martyris.
612 718 664 785 Qui
677 719 728 773 suit
739 719 774 772 de
784 719 915 773 societate
925 723 1082 773 sauctorum
1094 719 1250 773 Maurorum
1258 735 1329 775 uuus
1341 720 1384 787 (2).

230 819 378 873 Ksalisn.
392 819 475 888 Apud
485 819 631 888 Agaunum
651 817 760 873 civitate
778 818 938 881 Sedunensi,
955 818 1046 886 passio
1065 819 1152 873 sancti
1171 817 1337 888 Sigismundi
1352 821 1423 889 regis

198 918 420 988 Burgundiorum
432 918 479 987 qui
526 918 572 982 (3).
589 918 671 971 Massa
681 933 734 971 cns¹
748 933 903 972 urnacunun
916 933 997 971 xxxv.

231 1015 320 1069 Ssxro
341 1032 427 1069 sosas
445 1015 518 1069 llan.
530 1015 561 1069 iu
572 1015 678 1079 Bunna,
686 1030 768 1083 super
778 1013 843 1068 litus
853 1014 933 1079 lieni,
944 1014 1081 1069 territorio
1093 1014 1257 1072 Coloniensi
1268 1016 1422 1072 Translatio

198 1121 356 1169 sanctorum
370 1119 519 1184 martyrum
532 1114 619 1168 Cassii
666 1114 712 1180 (4).
723 1113 804 1167 llius
815 1130 857 1168 cm

231 1212 422 1267 Parmenonis
434 1213 506 1267 llsn.
518 1213 611 1266 Zabbe
623 1211 866 1266 iherosolimorum
875 1211 1003 1282 episcopi.
1011 1212 1062 1266 Hic
1068 1212 1222 1268 Mauritium
1232 1217 1260 1267 et
1267 1213 1358 1268 socios
1366 1215 1424 1282 ejus

198 1312 345 1382 baptizavit
353 1318 381 1366 et
392 1312 420 1365 in
430 1312 483 1366 tide
492 1311 664 1366 confortavit.

232 1426 274 1464 1111
286 1426 345 1463 snus
359 1410 431 1464 Man.
443 1411 482 1464 De
494 1409 626 1479 sanguine
637 1413 787 1476 martyrum
799 1414 899 1464 eterra
911 1413 1071 1478 erumpente
1087 1409 1161 1464 beati
1171 1409 1279 1464 llartini
1291 1409 1423 1465 oratione.

197 1524 287 1563 xcvnc

235 1607 354 1662 Smrruo
371 1609 436 1662 Itan.
453 1608 530 1662 Juan.
542 1607 656 1662 Colonia
666 1607 823 1677 Agrippina,
830 1607 972 1662 translatio
981 1608 1054 1662 beati
1063 1608 1184 1678 Gregorii
1193 1608 1329 1663 ducis⁸et
1337 1609 1423 1663 socio·

199 1723 259 1761 rum
271 1708 330 1776 ejus
343 1707 508 1771 Mauromm,
520 1723 582 1776 qum
598 1723 646 1775 per
663 1708 775 1762 beatum
792 1707 947 1772 Annonem,
959 1708 1161 1764 Coloniensium
1179 1707 1423 1778 archiepiscopum,

199 1807 272 1860 iacta
284 1810 326 1862 est
334 1811 397 1875 post
407 1806 571 1876 quingentos
581 1821 669 1861 annos
680 1822 697 1860 a
708 1805 835 1875 passione
846 1807 1015 1861 eorumdem.

229 1922 268 1960 nn
285 1922 371 1959 nonas
392 1905 469 1959 Jucn.
489 1904 721 1959 commemoratio
739 1905 929 1959 Thebaeorum.
945 1905 1107 1960 llrnscmuu
1124 1922 1216 1961 xcum.

232 2004 328 2058 anrs
347 2021 430 2058 nonas
445 2004 523 2057 lucu.
536 2003 615 2072 Apud
624 2004 756 2058 Viennam
769 2004 857 2058 sancti
867 2004 964 2058 Evoldi
972 2004 1116 2075 *episcopi
1129 2010 1156 2059 et
1164 2005 1335 2070 contessoris,
1346 2005 1423 2074 cujus

199 2103 334 2157 industria
357 2102 455 2157 delatae
477 2107 541 2156 sunt
563 2106 726 2156 sanctorum·
742 2108 894 2172 martyrum
916 2102 1099 2157 Theboeomm
1121 2103 1243 2172 reliquie
1264 2104 1301 2158 ad
1325 2104 1422 2158 urbem

198 2202 340 2256 Viennam.

234 2300 347 2356 Ocrsvo
366 2317 425 2354 rous
442 2301 517 2354 tumr.
525 2299 617 2354 Sancti
628 2299 767 2355 Northerti
778 2300 886 2355 abbatis
897 2300 978 2370 primi
989 2305 1018 2354 et
1028 2301 1179 2356 laudatoris
1189 2305 1424 2371 praemonstraten·

199 2399 245 2466 sis,
257 2399 377 2470 episcopi
388 2399 633 2469 Meydeborgenais.
646 2400 877 2454 Commemoratio
886 2400 1079 2454 Thebaeorum.
1090 2416 1178 2455 cxxix.

232 2497 335 2566 Qumro
352 2500 528 2552 asciscitis.
546 2499 721 2553 Sarranaars.
736 2499 832 2552 Romae
852 2499 897 2553 via
918 2499 1062 2565 Lauicana,
1079 2504 1180 2553 sanctas
1201 2499 1312 2554 Helenae
1328 2500 1424 2554 matris

200 2598 371 2652 Constantini
383 2598 563 2666 imperatoris.
579 2597 812 2652 commemoratio
824 2597 1014 2652 Thebaeorum.
1031 2614 1112 2652 xcvii.

231 2713 269 2751 vu
286 2698 351 2751 Kac.
369 2698 544 2751 Ssrrsuanrs.
564 2697 644 2765 Apud
662 2696 840 2751 victimilium
861 2701 979 2751 castrum
997 2697 1091 2763 ltalia,
1101 2697 1193 2751 natale
1203 2697 1291 2752 sancti
1307 2697 1424 2753 Secundi

1504 623 1518 655 *
1529 626 1585 679 cod.

1463 689 1627 759 Auugustini

198 2796 325 2864 martyris
335 2838 341 2850 .
353 2837 360 2850 .
372 2812 480 2850 cxxxm.
493 2798 537 2860 ί5).
554 2796 670 2850 Ciuitate
690 2796 831 2865 Pergamis
849 2796 934 2850 ltaliae
946 2796 1036 2850 natale
1047 2797 1120 2850 beati
1131 2796 1279 2852 Alexandri
1290 2797 1386 2852 militis
1396 2802 1425 2852 ot
1499 2865 1503 2872 ι

197 2896 326 2965 martyris
334 2896 381 2964 qui
391 2901 419 2948 et
428 2895 486 2964 ipse
495 2912 566 2949 unus
575 2896 664 2949 extitit
676 2896 712 2961 (6)
764 2896 902 2961 fateretur,
922 2896 1083 2964 martyrium
1101 2897 1196 2966 capitis
1207 2896 1359 2952 abscisione
1372 2897 1424 2951 sub

197 2993 363 3048 Maximiano
383 2994 506 3063 Augusto
526 2994 681 3063 compleuit
702 2993 790 3060 Quem
809 2998 936 3048 matrona
953 2996 1076 3064 quaedam
1097 2995 1211 3049 nomine
1228 2995 1310 3049 Grata
1328 2995 1355 3049 in
1372 3011 1423 3050 suo

198 3094 300 3164 praedio
313 3093 445 3162 sepelivit.
457 3109 554 3147 cxxxv.

232 3193 345 3260 Quam
356 3210 439 3247 nonas
451 3194 624 3246 Ssnrauaars.
634 3192 665 3245 ln
674 3193 811 3247 territorio
823 3192 1024 3247 constantiensi
1033 3192 1067 3247 ad
1076 3193 1166 3247 locum
1176 3193 1224 3261 qui
1232 3193 1330 3247 dicitur
1338 3194 1423 3264 Aquoe

197 3292 279 3345 Durae
291 3291 382 3345 natale
394 3296 495 3345 sanctas
506 3291 619 3345 Vereuae
630 3291 675 3357 (7).

230 3394 335 3448 Tsarro
352 3410 411 3447 mus
429 3393 605 3446 Sssrauaars.
623 3392 730 3460 anego
748 3392 776 3445 in
796 3391 923 3445 Almonis
939 3396 1096 3446 sanctorum
1115 3396 1265 3459 martyrum
1283 3391 1379 3446 Felicis
1396 3396 1424 3446 et

196 3492 309 3561 Regula
321 3492 366 3558 (8).
378 3492 461 3545 llrssa
471 3507 524 3545 cm.
536 3491 635 3544 Lscrro
644 3506 713 3543 xcix.

231 3606 249 3644 x
272 3592 337 3645 Kac.
357 3590 500 3646 Ocroanrs.
522 3590 554 3643 ln
574 3588 670 3643 Galliis
690 3589 799 3642 civitate
811 3588 920 3642 Seduno
932 3588 992 3642 loco
1012 3589 1135 3657 Apauno,
1154 3588 1245 3642 natale
1266 3594 1423 3642 sanctorum

194 3696 348 3759 martyrum
361 3690 543 3743 Thebaeomm
559 3688 685 3753 Mauritii,
694 3688 822 3756 Exuperii
833 3687 954 3756 signiferi
970 3688 993 3752 *,
1005 3688 1126 3751 Candidi,
1139 3687 1261 3751 Victoris,
1273 3687 1424 3742 Innocentii

194 3794 226 3846 et
243 3789 338 3842 Vitalis
349 3805 411 3842 cum
424 3788 505 3842 sociis
517 3803 613 3841 eorum
631 3802 679 3840 sex
691 3785 801 3840 milibus
818 3785 953 3839 sexcentis
969 3785 1109 3854 sexaginta
1120 3801 1176 3839 sex.
1194 3784 1247 3850 Qui
1264 3801 1360 3839 omnes
1371 3786 1422 3840 sub

193 3887 363 3942 Maximiano
375 3886 509 3940 Herculeo
519 3902 568 3954 pro
581 3885 690 3939 Christo
703 3883 837 3953 capitibus
846 3883 965 3937 truncati
983 3889 1046 3937 sunt
1063 3888 1090 3936 et
1102 3900 1151 3937 sua
1162 3882 1280 3953 gloriosa
1296 3884 1423 3951 passione

194 3986 332 4042 mundum
345 3984 557 4038 illustravemnt
569 3982 638 4036 ltem
657 3982 769 4045 ibidem,
785 3980 846 4036 loco
866 3982 981 4050 Agauno
998 3981 1072 4035 beati
1086 3981 1199 4035 Victoris
1211 3981 1331 4035 veterani
1379 3983 1424 4049 (9).

194 4086 282 4141 Atussa
293 4101 330 4138 ur.
347 4084 498 4146 Saousssm
510 4098 555 4135 111.

254 4200 282 4237 rx
299 4182 364 4235 lias.
382 4180 689 4243 Ocroanrs.SsQunns1a
706 4195 763 4233 xrn.

231 4297 281 4334 vm
297 4280 361 4334 linc.
379 4278 523 4334 Ocroanrs.
540 4277 690 4342 Sspusnrrs
706 4292 770 4330 xxx.

230 4463 268 4525 (1)
288 4460 517 4528 Martyrolopium
542 4459 671 4523 Usuordi,
696 4456 766 4510 Edit.
788 4455 902 4510 Sollerii.
921 4484 951 4494 -
976 4456 1013 4523 (t)
1037 4456 1090 4510 Cir.
1110 4454 1182 4521 ibid,
1205 4460 1275 4510 auct
1298 4455 1377 4510 (ἕπον.
1393 4485 1426 4494 --

196 4542 237 4610 (3)
248 4539 324 4603 laid..
336 4540 405 4593 Edit
417 4537 594 4592 Lubeco-Col.
605 4565 638 4577 -
656 4537 693 4604 (4)
704 4536 782 4602 ibid,
802 4536 871 4591 Edit
884 4535 1064 4590 Lubecotlol.
1077 4565 1109 4575 -
1127 4536 1164 4604 (s)
1176 4536 1252 4601 ibid,
1263 4541 1333 4592 auct
1345 4535 1426 4590 Brmc

197 4653 232 4663 -
243 4624 281 4691 (6)
298 4622 375 4687 ibid,
393 4624 463 4674 auct
481 4620 564 4674 Bmx.
581 4648 614 4658 -
633 4619 669 4686 (7)
687 4618 764 4684 lhid,
782 4618 845 4672 edit
861 4617 1041 4672 Lubeco-Col.
1058 4646 1089 4656 -
1107 4617 1142 4684 (8)
1159 4617 1377 4685 1bid.,UltraJ'ee.
1395 4645 1426 4658 -

199 4704 240 4774 (9)
251 4704 328 4769 laid,
340 4703 424 4758 editio
435 4701 616 4757 Lubecotiol.
