3270 5400
412 275 505 326 enu..
524 274 606 325 aso.
626 274 800 325 nnuxacn.
821 295 866 304 -
886 275 965 327 coo.
985 275 1022 326 no
1038 274 1115 325 orac.
1312 253 1380 326 991

212 464 247 517 Et
258 463 325 518 satis
336 480 459 532 congrue
470 465 524 518 hoc
533 480 636 517 nornen
651 464 722 518 Petri
734 467 848 520 sortitus
861 472 909 529 est,
919 467 967 536 qui
979 470 1006 519 et
1017 466 1090 519 Petri
1102 466 1227 518 doctrina
1235 463 1386 530 institutus,

246 564 317 617 sicut
335 563 414 617 illum
432 563 553 627 nomine,
565 564 604 617 ita
622 565 784 618 ostendebat
803 566 830 619 in
848 567 948 620 effectu
966 582 1022 619 suae
1035 565 1173 618 doctrine.
1186 564 1283 636 Adhuc
1301 564 1384 618 etiarn

247 663 323 717 illum
342 663 505 716 crediderim
524 664 605 717 Petro
624 664 862 728 conformandum,
875 665 922 734 qui
941 666 975 719 ad
989 665 1137 718 Dominum
1156 664 1227 718 sicut
1244 667 1272 717 et
1288 663 1386 718 Petrus

246 779 295 830 per
306 763 396 815 crucis
408 761 535 815 transivit
546 762 720 830 supplicium.
736 763 904 818 Crediderim
914 764 997 817 etiam
1010 780 1073 816 eum
1083 779 1131 831 per
1143 762 1316 831 fraglantiam
1328 779 1385 817 suae

246 861 401 916 sanctitatis
413 861 624 916 saluberrimum
640 863 753 916 odorem
764 863 881 932 spirasse
893 864 1033 918 mentibus
1042 863 1178 926 humanis,
1191 862 1311 932 quicum
1325 863 1384 917 Bal·

245 978 338 1014 samus
359 961 504 1025 diceretur,
517 961 642 1015 balsamo
659 962 791 1016 uirtutum
809 979 921 1017 suarum
935 963 1108 1017 infirmitates
1124 962 1269 1016 hominum
1287 962 1385 1027 linivit,

245 1066 274 1113 et
290 1077 387 1115 eorum
407 1060 514 1115 animas
532 1061 637 1130 peccati
650 1062 772 1116 loeditate
783 1067 918 1127 putentes,
930 1063 1060 1116 unctione
1072 1062 1115 1116 sui
1124 1061 1240 1139 ¹balsami
1251 1079 1268 1114 a
1280 1063 1384 1130 peccati

247 1158 390 1227 putredine
402 1160 521 1215 reddidit
530 1160 699 1214 insolubiles.
712 1161 765 1228 Qui
777 1178 839 1216 curu
850 1166 923 1215 esset
932 1161 1089 1216 oriundus...
1129 1146 1132 1151 ’

247 1260 309 1331 56⁰
334 1258 466 1334 Passio
497 1262 535 1334 S.
566 1261 719 1335 Luciani
755 1262 929 1354 martyris
963 1262 1185 1335 Antiocheni
1221 1285 1269 1335 vn
1301 1262 1386 1336 idus

295 1376 463 1449 ianuarii
481 1378 559 1469 (fol.
582 1379 793 1469 tls-120¹).

164 1498 330 1565 Desumpta
347 1513 380 1552 ex
395 1498 500 1552 Rufnni
513 1502 585 1554 Hist.
604 1502 746 1554 ecclesiast.
765 1500 813 1554 lib.
827 1517 862 1563 rx,
875 1518 951 1570 capp.
963 1519 1040 1565 n·v1;
1053 1501 1154 1554 additis
1167 1501 1193 1554 in
1204 1500 1258 1554 line
1267 1501 1312 1554 his
1323 1516 1385 1568 quae

100 1596 150 1648 in
173 1599 245 1649 Act.
257 1598 304 1651 SS.
317 1598 351 1650 ad
362 1598 388 1651 d.
399 1598 493 1662 idun..
505 1604 571 1653 tom.
585 1600 604 1661 l,
615 1616 641 1668 p.
653 1601 710 1663 363,
720 1601 821 1654 num.3
833 1600 907 1654 edita
916 1606 980 1654 sunt
990 1621 996 1654 :
1008 1603 1087 1655 illico
1096 1603 1244 1654 ruinirtra'...

247 1699 309 1769 57ο
334 1698 465 1772 Passio
501 1701 537 1773 S.
571 1699 725 1773 Luciani
759 1701 994 1775 Belvacensis
1028 1724 1065 1774 vr
1099 1702 1184 1774 idus
1218 1698 1386 1773 ianuarii

296 1813 374 1906 (fol.
397 1816 606 1910 tau-raa).

147 1935 274 1989 Passio
284 1942 398 1990 auctore
408 1936 504 1991 Odone
514 1937 643 2007 episcopo
654 1938 727 1992 edita
738 1939 764 1992 iu
775 1943 834 1992 Art.
844 1938 941 2004 SS.,ad
951 1938 976 1992 d.
985 1939 1002 1991 8
1010 1939 1079 2003 lan,
1089 1943 1155 1991 tom.
1165 1938 1185 2002 l,
1196 1955 1220 2006 p.
1228 1937 1276 1991 461
1285 1954 1344 2006 sqq.
1354 1965 1385 1977 —-

73 2028 179 2082 Sed
208 2032 292 2086 lectio
302 2033 403 2087 codicis
413 2035 543 2088 convenit
551 2051 613 2088 cum
625 2035 742 2089 lectione
754 2034 857 2089 codicis
868 2035 895 2089 S.
906 2034 1047 2088 Maximini
1060 2035 1277 2098 Trevirensis,ut
1286 2034 1386 2103 conjici

70 2124 203 2181 licet
222 2146 255 2183 er
264 2131 459 2186 additamentis
469 2148 530 2201 quar
540 2133 642 2201 passim
654 2133 680 2186 in
693 2133 831 2187 annotatis
844 2137 908 2186 suut
920 2133 1001 2187 edita.

247 2235 309 2306 58ο
334 2232 465 2307 Passio
483 2234 546 2307 SS.
566 2232 679 2307 trium
693 2256 958 2327 germanorum
976 2234 1183 2327 Speusippi,
1197 2230 1386 2325 Eleusippi

295 2354 332 2421 et
354 2348 568 2442 Meleusippi
592 2350 670 2440 (fol.
695 2351 903 2439 1d3¹·1d5¹).

118 2473 293 2531 Constat
304 2480 449 2533 elementis
461 2497 522 2548 quae
534 2496 619 2534 manu
628 2481 703 2533 haud
717 2481 838 2534 insolenti
852 2481 998 2549 desumpta
1010 2479 1138 2532 videntur
1150 2480 1251 2547 partim
1264 2494 1298 2532 ex
1309 2478 1385 2532 Actis

60 2579 180 2630 quae
213 2575 369 2632 Bollandus
380 2578 465 2632 edidit
474 2580 555 2647 iuxta
566 2579 688 2632 codicem
703 2580 805 2633 Velseri
821 2582 889 2643 (Act.
903 2581 958 2644 SS.,
970 2579 1005 2631 ad
1017 2580 1043 2631 d.
1063 2580 1093 2632 17
1105 2578 1173 2641 dan,
1191 2583 1257 2631 torn.
1271 2579 1304 2640 ll,
1316 2594 1340 2646 p.
1353 2578 1386 2631 rt

61 2674 217 2737 ΨΜ,
234 2677 330 2744 partim
341 2694 374 2730 ex
388 2678 463 2731 Actis
473 2683 584 2731 auctore
594 2679 785 2737 Warnahario,
798 2678 878 2732 editis
890 2679 963 2741 ibid,
976 2695 1001 2746 p.
1012 2680 1044 2731 76
1054 2695 1113 2747 sqq.
1132 2678 1235 2747 Nempe
1249 2678 1308 2731 cod.
1320 2676 1385 2730 iuci-

63 2760 125 2827 Pit
167 2788 182 2821 2
234 2779 358 2832 Gloriosa
370 2781 521 2830 camarino
538 2786 691 2847 rrrartprum
704 2782 855 2832 studiosius
873 2797 996 2831 reserare
1017 2781 1124 2831 (sirriato
1136 2786 1244 2831 crcctorc
1255 2780 1387 2845 courpclli·

63 2875 194 2932 ΜΨ,
245 2885 332 2944 utpote
354 2880 434 2942 cujus
456 2880 521 2944 fidei
544 2895 636 2931 umore
661 2887 721 2931 acta
743 2881 831 2944 fuisse
854 2880 1036 2946 proculdubio
1065 2880 1232 2945 profitemur.
1258 2879 1387 2945 Tempore

65 2958 132 3010 ‘¹1‘
139 2975 295 3028 reliam·
306 2979 483 3044 imperatoria
495 2980 524 3028 r'n
537 2980 642 3030 ciuitate
654 2978 788 3044 Liupcnia
799 2979 913 3043 fuerunt
922 2987 977 3030 tres
985 2980 1091 3047 scutras
1098 2980 1201 3043 perrriui
1209 2978 1386 3044 Speusippus,

65 3054 315 3143 Eleusippua
327 3084 350 3129 et
364 3078 557 3143 Meleusippua.
572 3078 626 3142 Qui
643 3094 676 3129 cc
687 3081 786 3129 matris
799 3080 882 3130 unius
895 3086 969 3131 utero
981 3079 1064 3130 simui
1083 3080 1142 3129 nuti
1154 3080 1236 3144 qrrcsi
1247 3084 1302 3130 tres
1319 3093 1387 3130 rcsoe

64 3170 103 3205 ’ἴ
128 3177 249 3226 “ner
260 3179 336 3243 oirpu
346 3184 515 3244 erumpentes
524 3183 547 3230 et
558 3184 682 3244 aspectus
688 3180 781 3244 prutiu
825 3178 967 3244 pollebunt.
979 3177 1129 3245 Sequentia
1141 3177 1309 3230 concordant
1322 3192 1385 3230 cum

64 3251 207 3318 editis
239 3290 272 3327 en
281 3275 403 3337 velsero,
416 3276 548 3344 usquead
560 3275 644 3328 finem
658 3292 732 3329 num.
748 3278 791 3337 13;
804 3281 952 3330 occurrunt
962 3277 1088 3345 quaedum
1099 3277 1236 3330 variantes
1246 3276 1386 3339 lectiones,

66 3354 94 3400 ⁰¹
112 3351 312 3432 leguntur
324 3391 357 3427 ea
376 3391 438 3443 quac
454 3375 528 3429 edita
545 3380 610 3429 sunt
628 3376 655 3428 in
676 3378 756 3428 Airai.
770 3377 847 3442 Ball,
860 3381 926 3429 tom.
945 3376 977 3438 ll,
990 3392 1014 3444 p.
1032 3376 1089 3428 378.
1106 3375 1176 3428 Hinc
1194 3376 1254 3429 cod.
1272 3374 1384 3443 pergit:

69 3449 314 3555 {eropari
326 3482 416 3527 autem
428 3473 508 3538 (licta
520 3473 660 3537 Warnah.,
672 3491 747 3528 num.
763 3476 803 3540 16)
816 3480 866 3528 etc.
882 3476 961 3542 juxta
972 3474 1193 3538 Warnalrarium,
1207 3491 1269 3527 curn
1280 3473 1385 3527 varian-

71 3544 182 3608 ubus
215 3573 372 3626 nonnullis
384 3572 555 3627 lectionibus
565 3573 629 3627 Haec
643 3578 748 3627 tanturn
760 3575 839 3641 jurat
851 3575 895 3627 hic
908 3575 1010 3627 referre
1019 3590 1080 3642 quau
1093 3573 1120 3626 iu
1130 3574 1184 3627 fine
1196 3590 1272 3626 num.
1284 3574 1315 3626 18
1324 3579 1386 3641 post

72 3648 210 3713 'erba-
241 3671 563 3727 adcoeIoradditasunt:
829 3742 832 3747 .

107 3742 337 3851 ‘Antequam
353 3788 420 3825 vero
436 3773 620 3825 consummati
633 3777 732 3837 essent,
742 3772 868 3825 conversi
881 3773 914 3825 ad
931 3773 1021 3825 aviam
1034 3788 1112 3824 suam
1127 3771 1272 3824 dixerunt:
1287 3771 1385 3837 Collipe

77 3841 256 3920 “Quo-n
273 3873 363 3936 fideles
381 3873 437 3924 zelo
459 3872 511 3923 Dei
528 3873 661 3936 ferceutca
678 3880 701 3924 et
719 3874 785 3925 cade
802 3889 862 3924 cum
880 3875 918 3924 eis
939 3873 976 3925 ud
995 3873 1184 3924 coarterenrtum
1205 3872 1385 3924 simulacrum

85 3938 404 4024 *lime-sarculetur
420 3972 492 4023 euim
515 3972 592 4024 nobis
611 3974 663 4023 erit
677 3979 770 4024 clostra
790 3972 827 4023 ud
848 3973 934 4024 Deum
953 3973 1170 4036 truusmiprutio,
1189 3974 1214 4023 si
1232 3973 1385 4024 riccerimua

87 4052 137 4148 Ψ
151 4049 311 4124 ‘fiatur
322 4074 352 4123 in
363 4072 415 4123 lucc
422 4079 501 4137 purte
513 4071 631 4122 dolorem
643 4078 667 4122 et
679 4072 863 4136 confusionem
876 4073 1025 4139 reliquisse.
1036 4071 1169 4123 Praeterea
1182 4070 1303 4122 Turboni
1310 4070 1386 4134 fideli

92 4149 158 4189 ''r‘'
175 4166 346 4235 “onoma
356 4171 454 4222 seriem
466 4170 620 4221 natiuitatis
631 4177 655 4222 et
664 4171 848 4222 corruersicais
860 4177 957 4222 nostru
974 4171 1011 4221 ud
1023 4170 1110 4222 Deum
1128 4176 1151 4221 et
1168 4185 1269 4221 omnem
1282 4175 1384 4220 textum

97 4244 285 4318 ¹'‘¹⁸⁸''0nr'u
298 4274 397 4320 nostru
407 4274 437 4318 ut
455 4273 564 4319 currotet
582 4268 674 4319 omuia
687 4283 745 4334 pua
756 4267 893 4319 nobiscum
905 4274 964 4318 actu
977 4274 1040 4319 sarrit
1057 4268 1094 4318 ud
1113 4267 1221 4318 laudem
1233 4272 1256 4317 et
1266 4266 1384 4331 plocium

10 4394 14 4415 ι
104 4342 268 4416 Μ”Μέ
283 4365 394 4418 Christi.
415 4363 535 4434 Accepto
556 4365 611 4418 hoc
632 4365 772 4430 mandato,
792 4364 916 4417 Leonilla
936 4382 998 4418 cunr
1020 4365 1141 4432 quadarn
1162 4363 1259 4416 lonilla
1281 4368 1384 4417 mutuae

109 4432 340 4518 tammaritatis
356 4463 536 4520 consecretali
554 4463 591 4517 ad
607 4463 744 4518 Nemesim
767 4464 886 4517 cucurrit
905 4469 933 4516 et
951 4462 1076 4516 maxima
1093 4463 1194 4516 virtute
1213 4480 1230 4515 a
1250 4463 1307 4515 Deo
1330 4462 1384 4516 illis

118 4526 473 4634 ²⁶f¹¹¹¹1isuaraprorano
493 4562 642 4616 simulacro
655 4561 844 4631 impingentes,
866 4562 1024 4629 dejecerunt
1044 4561 1111 4615 illud
1131 4566 1158 4614 et
1177 4561 1314 4614 frustatim
1335 4577 1384 4629 per

124 4637 279 4711 mmm-ias
296 4657 491 4714 subtilissimas
511 4659 704 4725 dissolverunt,
724 4658 762 4712 ita
773 4663 804 4712 ut
816 4657 862 4712 rix
883 4675 916 4712 ex
938 4658 1059 4728 reliquiis
1078 4663 1319 4727 recognosceretur
1336 4656 1384 4710 ali-
