3270 5400
313 344 382 415 176
645 364 773 415 caran.
798 365 903 415 cono.
928 365 1206 417 aaarooaarnrc.

308 551 343 604 ad
352 551 469 605 alterum
482 553 591 605 dicebat
603 573 610 605 :
624 554 684 606 Noa
696 554 828 605 boherius
839 555 911 621 quod
921 555 1198 617 calamensi-umento
1211 562 1314 615 andra,
1323 556 1421 618 oleam,
1430 555 1503 618 sobe
1512 572 1548 607 uc

308 660 394 705 caeru
405 654 533 705 alimenta
547 654 629 705 rictui
641 655 794 705 accessoria
799 655 952 721 perierunt.
961 654 1083 706 Currum
1092 655 1165 722 quod
1174 654 1371 722 amarituaplus
1378 658 1547 722 partiantur*-

309 767 378 815 mus,
386 753 549 803 animalium
558 768 750 805 cerrenoaorum
760 753 872 805 rabidos
880 769 988 805 morsus
995 755 1127 821 quomodo
1132 755 1250 806 tolerare
1254 755 1429 820 puerinse?
1438 754 1548 807 Gemite

308 852 381 918 qnod
389 852 529 915 fratribus
541 853 643 904 nostris
654 853 799 916 coatipisae
812 853 939 904 ridemus.
951 850 1027 917 Quos
1035 852 1146 905 intuens
1154 851 1236 920 Virgo
1245 851 1367 920 praelata,
1378 852 1545 920 ampliorem

307 965 383 1017 spem
397 949 530 1017 adjiciens
539 966 634 1002 rursus
645 950 755 1003 aliatnr.
768 951 825 1017 Epo
836 954 915 1015 enim,
928 950 1025 1018 inquit.
1034 953 1106 1019 qaod
1113 953 1233 1019 promisi
1244 954 1274 1003 ia
1289 953 1365 1004 rruDo
1375 953 1548 1017 frustrabor,
1564 958 1580 1007 t

308 1050 452 1102 dummodo
465 1030 573 1102 'orontes
592 1050 737 1116 diiipeater
765 1051 884 1117 nardique
908 1052 1104 1103 circumeuntes
1127 1067 1226 1117 corpus
1248 1052 1393 1116 cujusdam
1421 1053 1548 1117 cirotecis,

309 1148 466 1201 liutbertus
485 1150 601 1213 naariae,
620 1150 798 1216 perquiratis.
822 1149 989 1202 Revertentes
1011 1166 1082 1215 erpo,
1102 1151 1222 1217 perficite
1244 1157 1364 1217 optutum
1390 1151 1448 1204 Deo
1470 1168 1549 1217 opus.

310 1246 416 1299 Rursus
437 1246 586 1315 inquiunt:
606 1250 674 1313 (tuis
694 1250 815 1299 omnium
837 1249 935 1301 limum
956 1248 1032 1301 rrobia
1051 1250 1105 1300 erit
1123 1250 1290 1315 fidejussor?
1306 1248 1415 1315 Quibus
1433 1248 1552 1317 praelata

309 1342 392 1411 Virgo
410 1343 565 1411 respondit:
584 1345 692 1397 Horum
705 1347 825 1397 maritum
843 1346 984 1397 indubiam
994 1346 1074 1409 {idua
1085 1346 1204 1399 serrobo.
1221 1345 1255 1399 Et
1265 1345 1310 1398 bis
1321 1345 1410 1409 dictis,
1424 1348 1549 1400 evanuit

309 1441 348 1495 Ne
359 1442 425 1510 quid
438 1447 531 1496 tanuen
543 1444 577 1496 ad
591 1443 701 1496 laudem
722 1442 771 1496 Dei
783 1442 927 1496 Genitricis
937 1444 1090 1512 praeterisse
1102 1443 1152 1497 visi
1170 1443 1312 1507 fuerimus,
1322 1444 1391 1498 assit
1406 1460 1481 1498 nuuc
1499 1445 1547 1514 qui
1566 1452 1596 1502 tt

310 1544 454 1595 veritatem
467 1547 578 1595 reserat
598 1542 627 1596 ln
645 1559 678 1596 eo
693 1559 814 1612 namque
825 1542 887 1596 loco
898 1558 955 1610 quo
966 1542 1052 1597 liater
1068 1543 1179 1597 Domini
1197 1543 1263 1597 viris
1278 1543 1381 1597 sanctis
1397 1560 1548 1599 occurrens

309 1640 391 1694 tidem
402 1641 544 1695 indubiam
557 1642 591 1694 de
604 1642 753 1709 praemissis
764 1657 875 1695 servare
885 1641 1019 1711 promisit,
1028 1646 1137 1695 constat
1148 1641 1222 1711 ipsos
1233 1642 1356 1696 nobilem
1366 1642 1502 1711 capellam
1511 1644 1548 1697 ad

308 1740 442 1793 bonorem
449 1740 574 1808 l'irginis,
583 1757 645 1809 qua
656 1740 877 1807 “Fideiussoria.
888 1742 924 1794 ad
932 1757 1051 1809 praesens
1060 1745 1243 1809 nuncupatur,
1249 1741 1445 1795 construxisse.
1452 1742 1549 1796 Sancti

308 1854 408 1905 nempe
418 1838 476 1902 riri,
485 1839 569 1907 hujus
578 1844 722 1891 cernentes
734 1838 895 1897 alsentiam.
908 1839 1026 1906 denique
1035 1839 1202 1893 admirantes
1211 1855 1266 1909 quo
1278 1856 1390 1908 pergere
1402 1840 1549 1908 potuisset.

309 1936 475 1990 urranimiter
484 1942 542 1991 toto
552 1937 614 1991 nisu
626 1938 660 1990 ad
674 1937 778 2006 priores
789 1937 947 1990 mansiones
960 1943 1126 1991 remearunt.
1139 1938 1253 1992 Peracto
1265 1955 1330 2007 ergo
1345 1939 1452 1997 itinere.
1463 1940 1549 1994 dero-
1566 1948 1599 1993 ta

308 2034 422 2088 tissimis
435 2036 607 2089 orationibus
617 2038 674 2089 Deo
684 2036 779 2089 laudes
792 2036 959 2090 obtulerunt.

349 2132 385 2189 4.
398 2132 451 2187 Sed
459 2134 637 2202 quidlratres
644 2132 1003 2201 dilectissimi‚postm0dum
1012 2133 1293 2189 accidittdudiamus.
1299 2137 1402 2189 Eadem
1410 2138 1469 2190 lere
1476 2137 1549 2191 hora

309 2231 407 2285 cranoli
416 2232 566 2299 sexaginta,
579 2246 640 2299 qnae
650 2230 684 2283 ad
698 2231 783 2283 vitain
797 2230 948 2282 humanam
961 2235 1114 2298 congruunt
1125 2230 1288 2292 deferentes,
1301 2231 1368 2299 ipsis
1378 2247 1550 2300 supervene-

309 2336 379 2384 runt.
391 2330 524 2383 Ductores
535 2345 599 2381 vero
612 2327 781 2382 carrielorum
795 2327 959 2381 salutatione
972 2328 1081 2395 praevia,
1090 2328 1219 2396 praedicta
1230 2329 1360 2383 victualia
1368 2329 1473 2383 sanctis
1483 2330 1550 2384 viris

307 2433 447 2499 gratanter
459 2434 484 2481 et
498 2428 584 2481 libere
596 2427 764 2480 obtulerunt.
776 2426 847 2493 Quid
858 2425 956 2495 plura?
967 2426 1070 2479 Eadem
1084 2426 1212 2481 victualia
1224 2427 1252 2481 in
1265 2428 1396 2482 domibus
1405 2429 1463 2483 suis
1476 2430 1551 2484 dete·
1567 2439 1600 2489 w

308 2535 407 2591 rentes,
416 2528 510 2581 omnia
522 2526 653 2580 nninmlia
665 2542 803 2579 venenosa
813 2527 939 2579 interisse
949 2524 1083 2584 viderunt.
1094 2525 1132 2578 ita
1141 2530 1171 2578 ut
1180 2543 1317 2595 nusquam
1329 2527 1461 2596 deinceps
1469 2530 1549 2583 habi·
1598 2526 1601 2531 ’

308 2632 367 2681 ture
384 2628 508 2680 valerent
526 2626 644 2687 ibidem;
662 2630 689 2678 et
707 2624 746 2677 sic
758 2624 900 2678 altissimo
920 2623 1020 2692 gratias
1040 2624 1199 2678 retulerunt.
1221 2624 1328 2691 Quibus
1344 2627 1384 2680 sic
1406 2626 1482 2689 visis,
1501 2629 1550 2683 Dei

307 2726 474 2780 Genitricem
487 2728 521 2780 ad
535 2742 583 2780 eos
597 2725 681 2778 luisse
694 2724 769 2794 prius
781 2724 910 2785 locutam,
923 2723 1075 2777 certissime
1087 2730 1281 2793 cognoverunt.

353 2824 388 2882 5.
402 2824 468 2878 Post
480 2823 598 2877 multum
611 2826 704 2874 autem
717 2821 848 2890 temporis
856 2819 1109 2883 intervallumcum
1118 2821 1192 2890 apud
1203 2822 1332 2891 praefatos
1342 2822 1416 2876 viros
1425 2824 1460 2877 de
1471 2824 1550 2893 virgi-

308 2924 351 2977 nis
362 2922 518 2977 liatberimc
529 2917 690 2973 inventione
703 2918 781 2986 quasi
792 2918 866 2971 nulla
876 2917 918 2971 vel
930 2917 1039 2971 modica
1050 2934 1113 2987 spes
1124 2917 1283 2980 haberetur,
1294 2925 1439 2987 cuperant
1450 2925 1550 2974 mutuo
1566 2934 1596 2983 aa

308 3040 369 3077 cum
381 3020 501 3076 lacrimis
514 3019 651 3073 Crantoris
661 3016 816 3086 presidium
830 3017 986 3084 implorare.
994 3016 1071 3069 Tunc
1082 3016 1167 3069 altera
1187 3016 1215 3071 in
1228 3023 1305 3086 parte
1317 3019 1422 3072 montis
1433 3019 1549 3074 circum·

310 3122 386 3175 lulsit
402 3120 531 3190 splendor
549 3116 726 3178 admirabilis,
741 3132 825 3185 quem
842 3115 1004 3184 aspicientes
1016 3115 1095 3185 proni
1108 3115 1136 3168 in
1149 3120 1251 3169 terram
1264 3115 1432 3171 ceciderunt.
1442 3118 1549 3173 Rursus

310 3236 419 3289 pressus
427 3218 581 3287 dirigentes.
587 3216 715 3269 obstante
724 3215 843 3282 quadam
854 3230 921 3283 rupe
930 3213 957 3266 in
965 3213 1067 3268 montis
1076 3230 1168 3267 arcem
1175 3214 1290 3268 ulterius
1297 3217 1448 3271 ascendere
1455 3218 1549 3288 nequi-

310 3322 416 3373 verunt.
427 3319 465 3371 llx
478 3321 593 3384 utmque
605 3314 678 3368 enim
691 3319 768 3383 parte
781 3313 884 3367 montis
895 3318 1038 3366 cernentes
1050 3313 1129 3382 quasi
1147 3313 1400 3381 impossibilitatem
1409 3332 1548 3377 mensus.
1588 3320 1593 3327 '

308 3416 438 3472 concordi
456 3414 553 3483 spiritu
571 3413 762 3467 clamaverunt
780 3413 815 3465 ad
836 3411 994 3465 Dominum.
1011 3411 1113 3465 Videas
1124 3418 1219 3465 autern
1231 3413 1368 3467 Dominus
1379 3415 1466 3469 corda
1478 3415 1549 3485 ipso
1564 3424 1594 3476 at

308 3533 369 3571 rum
388 3519 415 3569 et
433 3519 507 3573 vota,
524 3512 636 3581 angelos
653 3527 719 3565 suos
736 3510 770 3563 ad
791 3526 839 3563 eos
851 3509 1006 3564 destinavit.
1022 3510 1158 3564 Dominus
1175 3517 1269 3565 nutem
1281 3512 1445 3581 angelorum
1457 3515 1549 3584 palma

308 3631 403 3684 rupem
413 3613 577 3683 percutiens,
590 3611 629 3663 sic
642 3609 731 3679 ipsam
744 3608 844 3671 divisit,
863 3614 892 3662 ut
909 3608 976 3677 ipsis
992 3609 1244 3664 concomitantibus
1262 3610 1364 3679 pariter
1380 3616 1410 3666 et
1426 3629 1549 3682 praeeun-

309 3714 382 3768 tibus
400 3713 435 3767 ad
454 3715 635 3781 praeoptatum
654 3709 745 3762 locum
769 3707 857 3761 sancti
880 3708 930 3762 viri
954 3708 1136 3776 pervenirent.
1155 3709 1272 3763 Demum
1291 3709 1548 3767 benedictisaimum

308 3812 420 3881 virginis
437 3827 544 3879 corpus.
562 3814 592 3862 ut
610 3809 752 3878 praefertur
769 3807 858 3876 spatio
876 3810 986 3860 centum
1005 3806 1115 3876 triginta
1133 3808 1216 3861 trium
1230 3824 1367 3863 annornm
1378 3826 1444 3864 cum
1456 3811 1549 3867 medio

308 3911 443 3966 curriculo
462 3908 642 3969 reconditum,
661 3906 710 3960 riri
728 3906 835 3976 praelati
848 3906 1018 3960 invenerunt
1029 3905 1084 3960 Nec
1096 3907 1156 3974 eius
1168 3906 1275 3961 risione
1286 3910 1443 3978 corpusculi
1454 3911 1549 3966 satiari
1564 3920 1594 3971 aa

310 4014 465 4080 potuerunt,
483 4006 664 4075 certatimque
678 4006 744 4059 illud
758 4004 905 4059 insatiabili
916 4010 1029 4072 aspectu
1040 4005 1134 4059 ridere
1145 4006 1327 4061 conabantur.
1340 4008 1469 4079 Cumque
1478 4011 1548 4065 adeo

310 4110 398 4179 ipsum
412 4124 506 4162 recens
518 4124 550 4161 ac
568 4107 704 4174 integrum
718 4121 781 4158 cum
799 4104 887 4174 capite
899 4105 1051 4174 ceterisque
1068 4105 1154 4158 totius
1166 4106 1289 4174 corporis
1306 4107 1442 4161 membris
1455 4126 1550 4178 perce·

310 4208 421 4276 pissent,
432 4206 549 4275 qualiter
561 4204 650 4274 prima
667 4204 711 4257 die
723 4202 913 4257 decollationis
931 4202 1017 4256 videri
1028 4204 1172 4271 potuisset,
1184 4219 1280 4258 eorum
1292 4205 1441 4260 admiratio
1459 4209 1549 4263 rebe·

311 4312 417 4361 rarenter
435 4305 557 4367 increvit,
574 4309 725 4372 stuporque
743 4318 859 4370 magnus
870 4302 1051 4355 circumdedit
1061 4318 1117 4356 eos.
1129 4302 1197 4370 Quis
1208 4319 1273 4372 emo
1285 4303 1417 4359 admirari
1428 4306 1550 4362 sufficiat

309 4404 450 4473 stupenda
469 4405 507 4458 rei
532 4402 714 4456 miraculum?
738 4400 805 4467 Quis
828 4405 884 4454 tam
910 4400 1036 4464 infidelis.
1054 4406 1084 4455 ut
1101 4417 1157 4455 non
1172 4409 1352 4472 recognoscat
1369 4404 1482 4460 virtutis
1500 4407 1550 4463 Dei
1566 4412 1595 4467 tt

310 4503 446 4557 excellens
465 4501 629 4571 vestigium?
646 4501 796 4554 Erubescat
819 4515 890 4553 nunc
914 4499 995 4568 igitur
1012 4499 1107 4554 infelix
1125 4499 1286 4564 Maxentius,
1303 4503 1351 4572 qui
1369 4508 1398 4557 et
1414 4503 1484 4575 legis
1501 4506 1550 4560 Dei

309 4601 500 4657 ainriihilator*
513 4601 571 4654 lieri
583 4616 612 4653 se
625 4600 738 4653 credidit
751 4603 778 4653 et
791 4598 971 4653 nibilominus
989 4597 1072 4668 ipsius
1085 4599 1229 4653 veritatem
1243 4601 1374 4669 ampliori
1386 4602 1441 4657 ude
1453 4605 1551 4659 contir-

309 4702 403 4755 narravit.
