3270 5400
199 363 291 415 BlBh.
310 363 391 414 Rae.
411 364 582 416 BRUXELL.
602 388 648 397 -
667 366 814 420 ΑΡΡΕΝΙ).
832 368 879 418 ab
897 368 976 420 COD.
990 369 1024 422 D.
1037 367 1152 421 Pffltl..
1165 367 1240 421 lota.
1266 348 1339 422 489

113 551 235 606 tenebris
246 552 408 621 ignorantiae
421 554 455 607 ad
467 553 555 607 lucem
569 554 690 608 veritatis
708 555 861 624 perductus,
872 562 973 610 aterna
984 558 1161 612 benedicione
1173 563 1214 613 est
1225 559 1341 613 sanctifi·

112 654 198 705 catus,
210 651 242 704 Et
252 651 317 720 quia
328 652 472 706 dominicae
484 657 731 721 contemporaneus
742 655 957 709 conversationis
965 654 993 709 in
1004 661 1076 710 terra
1087 657 1145 721 luit,
1154 658 1253 711 decens
1267 659 1341 712 vide·

112 753 157 803 tnr
173 753 204 804 ut
216 750 251 802 ab
266 750 352 818 ipsius
364 751 463 805 Christi
476 752 636 807 ascensione
648 757 675 806 et
686 752 801 822 Spiritus
817 755 904 808 sancti
916 755 1046 822 apostolis
1058 755 1188 810 missione
1198 757 1340 813 exordium

111 864 263 902 sumamus.

76 953 92 1003 t
152 944 321 1003 Palmum.
349 949 418 1003 Cum
431 948 778 1017 igilurdivinaeconsilium
791 950 949 1004 aeternitatis
960 951 994 1004 de
1011 952 1098 1006 salute
1111 953 1223 1007 humani
1235 956 1341 1022 generis
1392 941 1394 944 Α

110 1044 139 1099 in
160 1050 232 1098 terra
253 1046 413 1115 peregisset,
435 1046 507 1100 lilius
527 1058 664 1115 perpetuae
688 1047 849 1116 virginitatis
869 1048 1020 1115 trophaeum
1047 1053 1147 1102 nostra
1166 1051 1341 1104 mortalitatis

111 1144 255 1197 collocavit
265 1146 293 1197 in
302 1145 415 1198 dextera
426 1145 576 1212 majestatis
583 1161 649 1199 suae.
657 1145 696 1199 Ne
705 1146 786 1214 igitur
795 1162 858 1199 caro
867 1151 960 1201 nostra
969 1162 1029 1214 quae
1037 1147 1072 1200 ab
1082 1147 1184 1215 angelis
1195 1148 1223 1201 in
1233 1149 1339 1202 Christo

111 1243 293 1296 venerabatur
320 1244 349 1296 in
366 1245 447 1307 caelis,
459 1244 488 1297 in
507 1244 585 1297 terris
596 1244 699 1299 diutius
710 1245 879 1299 sordesceret
890 1244 919 1297 iu
936 1244 1017 1309 vitiis,
1029 1245 1114 1298 virtus
1126 1246 1213 1299 sancti
1226 1247 1340 1315 Spiritus

110 1339 243 1407 apostolis
255 1341 392 1408 promissa
403 1341 580 1395 destinatura
590 1341 723 1408 supernis.
735 1339 845 1393 Munere
857 1340 938 1408 igitur
949 1357 1067 1408 superno
1076 1340 1229 1395 confirmati
1239 1344 1340 1397 multos
1355 1348 1360 1357 '

61 1442 91 1494 td
110 1453 144 1492 ex
156 1454 245 1491 messe
255 1439 368 1506 judaica
378 1440 454 1494 velut
465 1456 550 1509 grana
566 1440 741 1508 collegerunt,
753 1439 801 1492 sed
814 1439 934 1507 plerique
944 1440 1066 1494 infideles
1079 1441 1153 1494 velut
1169 1442 1253 1510 paleae
1264 1442 1340 1496 harn-

109 1551 184 1589 mam
206 1537 408 1604 persecutionis
431 1543 527 1591 contra
547 1538 640 1591 lideles
662 1537 869 1590 succenderunt.
888 1538 982 1605 ltaque
1002 1539 1118 1607 apostoli
1143 1541 1292 1593 concordes
1311 1540 1339 1594 in

109 1634 214 1687 unitate
229 1634 293 1687 lidei
302 1635 416 1703 dispersi
425 1640 489 1689 sunt
500 1651 548 1704 per
561 1645 623 1689 11110'
633 1641 723 1704 partes
735 1634 837 1700 mundi,
849 1640 880 1688 ut
889 1636 1070 1704 compleretur
1077 1636 1254 1691 historialiter
1264 1638 1337 1706 quod

109 1731 239 1786 Salomon
260 1733 287 1786 in
311 1736 412 1802 templo
434 1734 544 1787 Domini
556 1734 722 1787 formarer-at
734 1733 889 1802 figuraliter.
905 1734 1054 1788 Duodecim
1074 1737 1173 1804 quippe
1189 1736 1282 1800 boves,
1291 1737 1339 1805 qui

108 1829 186 1884 labro
198 1831 333 1886 suberant
341 1850 413 1887 aerco
425 1834 518 1887 fusiles
527 1839 555 1887 et
567 1835 635 1888 facie
645 1851 693 1903 per
704 1835 811 1888 diversa
822 1833 1011 1902 respiciebant,
1020 1833 1047 1886 in
1062 1834 1257 1902 posterioribus
1273 1852 1338 1890 vero

61 1934 93 1984 tt
110 1928 248 1995 conjuncti
272 1935 357 1993 erant,
379 1931 493 1985 tolidem
514 1933 652 2000 apostolos
664 1932 802 1994 denotant,
815 1931 860 2000 qui
876 1947 924 2000 per
944 1931 1082 1986 diversum
1102 1933 1244 1997 mnndum,
1264 1934 1337 2002 quod

110 2027 218 2080 labrum
230 2028 377 2097 significat,
388 2031 560 2099 praedicando
570 2030 724 2098 respiciunt,
733 2031 780 2083 sed
794 2031 917 2083 inunum
930 2031 1127 2085 consentiendo
1145 2032 1304 2086 consistunt.

151 2126 198 2183 11.
225 2128 328 2180 Beatus
340 2142 403 2194 ergo
416 2127 513 2180 Petrus
531 2127 578 2193 qui
596 2142 691 2179 eorum
711 2126 817 2193 primus
833 2129 899 2191 erat,
914 2129 992 2179 sexto
1007 2142 1080 2179 anno
1098 2131 1160 2194 post
1181 2130 1336 2195 passionem
1409 2187 1412 2193 ,

107 2224 218 2279 Domini
231 2224 407 2277 Antiochiam
417 2222 532 2275 tendens
544 2237 591 2289 per
599 2224 703 2289 septem
714 2237 800 2273 annos
812 2219 912 2273 ibidem
923 2220 1029 2282 resedit,
1036 2221 1154 2289 plurima
1162 2221 1196 2274 de
1207 2220 1336 2289 religione

107 2323 258 2377 christiana
273 2322 415 2390 disposuit.
433 2321 503 2374 Nam
521 2319 635 2373 ecclesia
654 2319 755 2372 ibidem
772 2319 911 2383 aedilicata,
932 2319 1079 2389 discipulos
1096 2320 1249 2374 nominavit
1267 2320 1336 2374 chri·

58 2424 90 2476 20
107 2421 212 2475 stianos
224 2424 259 2475 ob
280 2421 449 2475 diversarum
468 2419 670 2472 distinctionem
683 2423 828 2481 sectarum,
841 2419 968 2486 quaejam
986 2421 1014 2473 in
1030 2419 1121 2473 radice
1140 2419 1337 2473 insidiabantur

107 2520 223 2574 novitati
236 2520 367 2574 ecclesia.
381 2519 445 2572 lnde
459 2527 500 2571 ιιιο
513 2517 619 2571 Claudii
628 2517 799 2586 imperatoris
811 2533 891 2579 anno,
902 2517 957 2571 hoc
973 2522 1015 2571 est
1025 2535 1099 2571 111110
1108 2522 1170 2587 post
1180 2517 1335 2586 passionem

107 2619 217 2673 Domini
230 2635 312 2681 anno,
323 2617 449 2671 videlicet
462 2616 497 2669 ab
509 2616 576 2669 urhe
588 2615 697 2671 condita
707 2623 816 2668 nco⁰xc⁰
826 2615 859 2668 ad
872 2615 957 2682 ipsam
976 2616 1071 2669 urbem
1087 2615 1248 2670 Romuleam
1261 2617 1336 2670 velut

106 2718 140 2772 ad
152 2718 166 2749 *
177 2733 291 2771 auream
302 2715 398 2769 muudi
410 2719 529 2768 statuam
540 2714 647 2767 Christo
656 2712 853 2781 subjugandam
863 2713 1010 2767 contendit.
1022 2714 1052 2767 ln
1063 2714 1122 2775 bac,
1132 2714 1334 2783 inquam,urbe,

106 2816 153 2869 illo
172 2815 223 2868 sub
237 2821 360 2882 tempore
381 2814 510 2868 Claudius
528 2813 605 2881 quasi
623 2813 748 2881 princeps
768 2811 942 2880 gloriabatur,
953 2813 1001 2865 sed
1017 2811 1073 2877 jam
1087 2812 1114 2867 in
1127 2813 1222 2866 eadem
1236 2813 1334 2866 divinae

58 2915 90 2966 tt
107 2913 253 2967 clementia
265 2912 442 2982 praescientia
454 2912 468 2942 *
480 2911 608 2965 cordibus
628 2909 813 2978 eligendorum
833 2909 1060 2978 superferebatur.
1072 2910 1137 2963 Haec
1154 2926 1218 2963 vero
1239 2911 1335 2965 civitas

105 3011 234 3078 ignorans
255 3028 311 3064 suae
333 3008 518 3078 provectionis
538 3013 686 3073 auctorem,
697 3007 768 3060 sicut
785 3007 913 3061 omnibus
933 3007 1127 3061 dominabatur
1144 3008 1278 3077 gentibus,
1296 3008 1335 3062 sic

103 3109 229 3163 omnium
243 3109 382 3163 serviebat
394 3107 540 3160 erroribus.
553 3106 595 3159 Ad
604 3107 676 3160 hanc
688 3105 818 3161 divinitus
829 3106 955 3174 princeps
966 3107 1151 3175 apostolorum
1161 3105 1293 3175 dirigitur,
1305 3113 1335 3162 nt

105 3207 133 3261 in
145 3224 179 3261 ea
190 3208 314 3261 omnium
327 3208 515 3260 confutaretur
524 3206 681 3259 damonum
693 3204 789 3258 cultus.
802 3205 833 3258 ln
851 3205 922 3258 hanc
934 3205 1068 3274 siquidem
1090 3205 1167 3274 quasi
1184 3206 1332 3259 bestiarum

104 3305 208 3373 sylvam
223 3306 410 3368 frementium,
423 3322 536 3359 securus
553 3305 710 3374 ingreditur,
722 3310 832 3372 paratus
844 3321 893 3374 pro
911 3304 1019 3358 Christo
1031 3309 1129 3358 cuncta
1139 3304 1231 3357 subire
1242 3303 1334 3359 discri-

55 3406 85 3459 30
103 3403 277 3472 mina,quem
290 3409 353 3458 ante
364 3403 618 3459 terrueratostiaria
627 3403 775 3456 sacerdotis
785 3403 889 3456 ancilla.
899 3403 984 3471 Digne
993 3401 1091 3456 ancilla
1098 3403 1197 3456 ostium
1206 3402 1334 3456 servabat

103 3503 432 3567 sacerdotistudreorum,
442 3506 506 3573 quia
521 3503 577 3570 jam
590 3520 606 3556 a
617 3501 749 3572 spirituali
759 3518 839 3554 sensu
857 3501 924 3570 legis
936 3501 1091 3555 defecerant
1110 3517 1157 3569 per
1173 3501 1333 3554 traditiones

103 3602 305 3671 phariseorum.
318 3603 414 3657 Merito
427 3603 509 3657 etiam
524 3603 619 3656 Petrus
628 3602 738 3669 expavit
750 3600 884 3664 ancillam,
896 3600 961 3668 qnia
972 3599 1146 3653 formidinem
1160 3600 1263 3663 mortis,
1272 3616 1332 3667 quae

103 3717 152 3770 per
161 3701 291 3755 feminam
307 3702 510 3756 subintraverat
521 3684 643 3756 nondum
654 3716 702 3769 per
714 3699 842 3754 virtutem
852 3699 938 3752 sancti
947 3699 1062 3768 Spiritus
1073 3699 1333 3766 deposuerat.Secu·

103 3811 150 3849 rus
158 3801 251 3850 autem
266 3799 385 3852 Romam
399 3815 490 3853 arcem
507 3798 614 3866 imperii
625 3796 788 3866 aggreditur,
799 3796 864 3863 quia
873 3796 947 3849 lama
959 3811 1020 3864 quae
1032 3796 1137 3864 pridem
1147 3811 1208 3848 cum
1228 3795 1329 3849 clarum

53 3900 85 3952 aa
103 3898 348 3951 commendaverat
359 3899 503 3966 praesentia
511 3897 705 3951 miraculorum
722 3895 779 3962 ejus
788 3895 947 3964 puritasque
964 3895 1109 3949 verborum
1121 3895 1179 3963 jam
1188 3895 1331 3948 clariorem

102 3994 241 4048 reddebat.

144 4092 210 4148 111.
236 4092 400 4146 Confluebat
416 4092 498 4161 igitur
518 4093 552 4145 ad
573 4108 636 4145 eum
657 4093 747 4146 omnis
764 4108 834 4160 pene
854 4093 970 4161 dignitas
987 4094 1176 4148 Romanorum
1200 4094 1331 4147 mirantes

101 4190 325 4258 praedicationem
347 4191 413 4257 ejus,
438 4190 538 4245 virtute
565 4190 705 4258 signorum
728 4194 877 4258 potentem,
898 4195 1060 4244 venerantes
1077 4190 1240 4243 modestiam
1264 4190 1330 4258 ejus,

101 4305 211 4342 morum
231 4289 419 4353 sobrietatem.
432 4288 545 4342 Plurimi
555 4305 619 4358 ergo
637 4289 791 4342 nonsolum
809 4305 842 4342 ex
856 4290 951 4343 ordine
966 4295 1123 4344 senatorum
1136 4289 1277 4343 sedetiam
1296 4307 1328 4344 ex

51 4390 83 4446 lo
100 4403 199 4457 genere
213 4388 402 4456 spectabilium
418 4389 538 4442 virorum
552 4388 611 4456 ejus
622 4388 781 4441 obedientes
790 4387 974 4457 predicationi
986 4393 1163 4456 susceperunt
1178 4405 1329 4443 sacramen·

100 4491 158 4541 tum
181 4487 253 4541 fidei.
277 4487 352 4541 Inter
373 4503 443 4555 quos
455 4486 613 4541 eminebant
633 4486 754 4540 claritate
775 4487 881 4555 generis
901 4487 1042 4541 Marcellus
1064 4487 1136 4540 lilius
1153 4488 1234 4542 lltarci
1254 4488 1329 4542 urbis

100 4586 231 4654 praefecti,
245 4587 317 4655 apud
329 4602 412 4655 quem
425 4585 497 4639 idem
510 4585 649 4654 apostolus
657 4586 857 4654 hospitabatur,
869 4585 915 4654 qui
924 4586 1008 4640 etiam
1019 4591 1114 4656 postea
1122 4587 1194 4641 beati
1207 4588 1328 4654 ejusdem

100 4685 243 4753 descripsit
263 4689 340 4753 gesta
364 4684 447 4749 Petri,
462 4684 562 4740 Fabius
582 4684 708 4739 Clemens
717 4686 813 4738 consul
825 4689 852 4738 ct
867 4685 997 4754 patricius
1008 4686 1206 4752 Romanorum,
1217 4691 1329 4756 patruus

1410 2725 1425 2755 *
1442 2728 1505 2780 odd.

1387 2807 1471 2857 anper
1481 2794 1529 2846 tin.

1367 2921 1382 2952 *
1400 2925 1456 2977 cod.
1463 2926 1547 2991 priua

1379 2989 1538 3056 praesentiae.
