3270 5400
319 390 412 442 sisu.
430 390 513 443 nse.
530 389 704 445 snuxsun.
723 413 770 423 —
789 390 936 444 unsrun.
954 389 1002 440 un
1019 390 1098 441 con.
1117 381 1156 441 ΝΟ
1174 386 1298 442 rues-ss.
1380 370 1429 443 69

210 584 297 633 matre
308 579 442 634 Romanae
454 579 589 643 Ecclesia,
607 596 702 635 eorum
720 581 911 650 conspectibus
928 584 1117 649 praesentatur.
1131 579 1317 648 Interrogatus
1334 584 1428 634 autem

213 678 365 733 suideomm
377 679 542 733 famulatum
556 679 733 749 impenderet,
745 680 887 748 respondit
901 696 931 734 se
944 679 1100 733 christianae
1112 678 1252 748 religionis
1263 681 1428 733 intemerato

214 777 287 831 nidis
294 794 389 832 amore
397 794 508 832 seruere
516 778 608 832 fidem.
618 778 799 848 Imperatores
808 780 935 833 dixerunt
944 799 950 832 :
960 779 1019 833 Sais
1028 781 1133 832 decreta
1141 781 1298 847 principum
1305 782 1319 832 Ρ
1326 786 1429 847 quonia

215 879 382 944 indiqnntioue
392 881 535 933 deseviant
546 886 641 933 contra
653 896 747 932 nonren
761 882 856 933 istud?
868 878 910 931 Ad
921 879 981 932 brec
993 883 1105 932 sanctus
1116 877 1192 932 Felix
1205 877 1355 947 intrepidus
1372 877 1427 932 sit:

195 977 272 1037 elini
283 980 381 1045 infesta
392 980 594 1031 animaduersio
603 980 639 1031 sit
647 994 747 1042 eorum,
757 986 858 1046 oportet
869 987 958 1031 taruen
968 979 1074 1031 obedire
1089 978 1141 1031 lieo
1153 980 1241 1044 serapis
1251 995 1332 1045 quum
1344 979 1428 1032 homi-

219 1080 365 1143 sumpseris,
377 1079 457 1143 cujus
468 1080 602 1145 sapientia
615 1080 717 1131 sariditi
727 1095 823 1131 siunins
834 1085 858 1131 et
867 1080 1039 1145 presidentia
1049 1078 1246 1144 prebernarnur.

250 1172 277 1230 2.
297 1176 383 1244 Hujus
396 1174 573 1244 responsione
586 1175 626 1228 ira
643 1176 770 1243 permoti,
778 1176 918 1243 Jusserunt
935 1180 965 1228 ut
977 1175 1029 1228 diis
1040 1175 1173 1228 sacrificia
1185 1176 1350 1230 immolaret.
1362 1176 1427 1244 Qui·

223 1272 260 1325 bus
268 1273 314 1326 sil:
323 1273 478 1326 Simulacra
487 1274 608 1340 partium
619 1262 758 1340 arq‘enturn
769 1280 792 1325 et
801 1289 910 1338 arariam,
919 1288 1001 1339 opera
1014 1289 1144 1324 manuum
1155 1273 1303 1339 horninum,
1312 1275 1425 1339 effipiam

226 1373 374 1425 menbrorum
381 1374 525 1439 qestantia,
536 1373 584 1425 sed
594 1388 675 1424 urrisu
688 1372 810 1425 carentia
817 1390 828 1435 ;
839 1372 1006 1436 sacrificium
1017 1387 1079 1436 cero
1091 1379 1115 1424 et
1126 1372 1241 1425 libamen
1254 1373 1310 1425 Deo
1326 1380 1427 1438 nostro,

192 1478 215 1527 u
225 1473 344 1537 umenti·
353 1472 450 1524 secula.
464 1471 513 1523 Est
524 1473 596 1523 enirn
603 1472 737 1536 fortitudo
747 1477 771 1522 et
784 1478 935 1536 martyrum
942 1471 1046 1537 palma,
1057 1472 1106 1538 qni
1115 1471 1277 1536 fideieseuos
1289 1474 1318 1523 in
1326 1474 1426 1537 aqonia

229 1570 426 1631 rebenedicere:
436 1569 450 1593 ‘¹
461 1570 656 1622 Netimueritis
665 1586 708 1621 eos
716 1571 766 1636 qui
773 1571 896 1621 occidunt
904 1585 1011 1635 corpses,
1021 1571 1143 1621 animam
1152 1578 1240 1622 autem
1251 1586 1304 1622 reon
1310 1579 1428 1638 possunt

228 1669 332 1731 undere
342 1670 386 1721 sed
399 1685 459 1721 eum
472 1670 521 1736 qui
527 1675 623 1736 potens
632 1675 670 1721 est
678 1675 822 1735 utrumque
829 1669 945 1735 perdere
955 1670 983 1719 iu
994 1666 1228 1733 qehennam.Tunc
1238 1667 1324 1721 nimio
1333 1669 1426 1723 surore

230 1766 313 1834 arrepti,
323 1767 425 1820 diversa
434 1766 631 1835 suppliciorum
641 1782 741 1835 genere
753 1765 846 1819 inferri
858 1772 924 1819 ante
932 1764 1051 1839 tribunal
1060 1766 1207 1834 jusserunt„
1217 1765 1323 1833 Quibus
1336 1766 1426 1832 illatis,

230 1861 312 1917 inrictu
322 1864 468 1918 constantia
479 1863 542 1917 fidei
554 1863 678 1917 munitus
689 1863 832 1933 clipeoque
841 1863 940 1917 divinas
952 1862 1137 1933 protectionis
1146 1863 1202 1917 ait:
1218 1865 1302 1918 Verbo
1314 1867 1427 1919 Domini

193 1968 219 2016 u
232 1963 278 2014 eati
289 1964 376 2028 firmati
390 1971 453 2017 sunt
474 1971 498 2016 et
516 1965 617 2031 spiritu
636 1965 694 2016 oris
711 1965 770 2029 ejus
786 1966 874 2017 munis
890 1966 978 2017 uirtus
995 1980 1094 2016 eornm.
1115 1965 1213 2031 lmpios
1225 1966 1358 2031 siquidem
1370 1967 1427 2018 aidi

231 2064 409 2127 superexaltatas
428 2070 453 2115 et
473 2064 584 2116 eice-atos
604 2065 673 2115 sient
692 2064 785 2115 cedros
804 2063 923 2115 Libani:
946 2071 970 2116 et
989 2065 1114 2128 transiri,
1135 2070 1158 2115 et
1180 2080 1234 2116 ecee
1253 2080 1305 2116 non
1326 2072 1404 2117 eraut
1415 2083 1427 2129 ;

233 2161 323 2225 quesivi,
336 2168 357 2214 et
370 2177 423 2214 non
436 2169 475 2214 est
485 2164 606 2213 iuuentus
624 2163 697 2214 lorus
709 2166 808 2214 cotum.
826 2163 913 2213 Periit
925 2163 1054 2215 rrurrmria
1066 2178 1159 2215 eorum
1175 2179 1236 2215 cum
1247 2165 1338 2215 sonitu
1351 2170 1427 2230 pote·

232 2259 327 2310 statisa
346 2263 466 2313 nominis.
483 2261 619 2313 Dominus
642 2267 732 2312 autem
754 2260 838 2313 Jesus
859 2261 992 2324 Christus,
1009 2261 1122 2326 adjutor
1142 2262 1172 2312 in
1194 2262 1425 2326 tribulationibus,

234 2358 356 2411 muniatis
366 2376 477 2426 requam
488 2375 549 2411 aunt
559 2359 616 2412 Deo
628 2359 709 2411 Patre
720 2366 743 2411 et
761 2360 866 2426 Spiritu
881 2367 973 2413 sancto
982 2361 1108 2426 possidet,
1117 2361 1209 2425 qloria
1219 2367 1243 2412 et
1254 2360 1354 2414 honore
1361 2378 1425 2428 per·

193 2457 221 2507 ih
231 2459 294 2517 puna
305 2457 471 2511 sublimatum.

267 2548 292 2606 8.
308 2552 417 2624 Cumque
434 2555 601 2610 intolerabili
616 2555 693 2609 furor
711 2571 807 2609 eorum
825 2555 1011 2624 indignatione
1028 2557 1192 2610 fervesceret
1209 2575 1215 2610 :
1236 2559 1425 2625 effluentiam,

235 2645 337 2715 inquiunt
347 2657 481 2709 rerborum
489 2673 594 2710 cessare
602 2657 702 2721 sacient
716 2658 876 2708 incrementa
882 2672 1036 2722 panarum.
1048 2657 1220 2710 Meditutione
1230 2660 1302 2709 euim
1311 2659 1426 2710 assidua

234 2748 280 2798 oris
290 2754 322 2801 tui
335 2755 505 2823 locupletatur
515 2758 656 2820 faciendis.
677 2783 709 2793 -
727 2756 788 2809 Non
800 2763 837 2809 est
850 2759 895 2820 ita,
907 2754 1004 2824 inquit,
1016 2763 1046 2808 ut
1058 2759 1217 2809 assertionis
1235 2764 1326 2810 restris
1339 2758 1424 2810 decia·

237 2848 299 2899 matio
307 2857 424 2920 trdaiur5
434 2856 481 2907 sed
493 2855 615 2923 Spiritus
628 2855 674 2907 ubi
685 2857 741 2907 erait
752 2857 850 2922 spirat,
862 2863 885 2908 et
896 2870 948 2907 roe
963 2855 1093 2908 Veritatis
1109 2857 1274 2923 adimpletur
1291 2872 1346 2923 qua
1362 2857 1425 2921 fide·

197 2946 224 2997 bb
236 2943 290 2998 liius
303 2950 388 3005 dieitur
403 2972 414 3005 .·
431 2952 445 2978 “
467 2954 522 3019 Epo
540 2954 608 3006 dubo
625 2954 697 3007 robis
713 2970 743 3007 as
760 2960 784 3007 et
803 2955 967 3019 sapientiam
986 2956 1032 3006 eici
1049 2971 1102 3007 nou
1118 2962 1246 3020 poterunt
1263 2957 1388 3007 resistere
1404 2961 1429 3007 et

236 3049 378 3104 nstrudirere
389 3068 480 3105 omnes
491 3054 646 3105 aduersarii
657 3055 746 3105 vestri.
759 3093 773 3118 „
793 3052 847 3105 Nec
863 3053 931 3119 qaid
943 3054 1060 3105 rationis
1077 3055 1107 3105 in
1119 3061 1258 3120 conspeetu
1266 3055 1427 3120 principum

238 3145 299 3193 uniri
309 3146 398 3203 Christi
407 3158 609 3219 prosequantur
620 3152 769 3211 intendunt,
787 3153 851 3203 diem
869 3152 1003 3204 deuotione
1013 3153 1164 3218 purificata
1181 3154 1276 3204 aseritis
1293 3153 1361 3204 nisio
1373 3152 1428 3204 Dei

236 3241 382 3308 omnipotentis
400 3266 506 3318 semper
524 3251 726 3316 manifestatur.
752 3250 831 3303 Vobis
851 3259 947 3314 autem,
967 3266 1020 3302 non
1043 3250 1188 3303 aoiemibus
1208 3267 1276 3313 eram,
1290 3258 1428 3303 eructarem

236 3341 324 3395 annium
334 3349 487 3401 invisibilem
499 3356 524 3401 et
535 3350 684 3414 majestatis
697 3350 836 3414 imnreuse,
848 3350 895 3401 sed
911 3366 984 3415 spem
1002 3350 1096 3402 inanis
1111 3350 1206 3413 diaria
1218 3350 1353 3402 idolorum
1370 3350 1428 3402 seri·

143 3460 145 3465 ·
200 3431 285 3489 iiim
295 3448 498 3500 committentibus
515 3450 656 3515 ipsiusque
670 3448 787 3512 sanantis
803 3455 920 3500 terrores
932 3450 1072 3499 ruinarum
1083 3455 1107 3500 et
1119 3449 1184 3500 dira
1201 3449 1337 3516 supplicia
1356 3449 1425 3514 irrfe-

236 3538 324 3595 rentibus
328 3548 480 3612 pandentur
493 3553 577 3613 porte
592 3546 737 3599 horrisono
753 3547 896 3598 stridentes
912 3547 1032 3610 cardine,
1044 3546 1092 3597 ubi
1108 3549 1196 3613 quatit
1210 3548 1297 3599 ultrix
1315 3549 1428 3613 flanrma

236 3640 496 3701 ”simulacrorum
512 3647 622 3697 aninum
638 3646 709 3697 torri
727 3645 855 3696 decorant
875 3660 983 3709 unques,
1001 3644 1166 3710 sulphureus
1187 3647 1277 3697 ansuis
1288 3652 1429 3712 extorquet

235 3734 324 3801 imitus,
332 3743 446 3797 ululatus
458 3751 482 3796 et
485 3745 622 3811 piarrmm
632 3744 695 3796 illie
702 3749 827 3795 tartarus
836 3741 876 3795 bis
880 3749 955 3810 patet
964 3744 995 3794 in
1002 3758 1122 3810 preceps
1131 3749 1155 3795 et
1166 3750 1272 3795 tautum
1284 3746 1368 3796 tendit
1377 3743 1427 3796 sub

237 3828 318 3887 hubae
326 3850 449 3908 quamam
467 3844 504 3895 ad
514 3842 655 3895 ethereum
666 3843 726 3894 caii
737 3849 775 3893 est
786 3848 925 3908 suspectus
936 3842 1080 3909 olympum.
1100 3839 1187 3907 Cujus
1199 3843 1326 3894 irnmauis
1337 3843 1353 3893 h
1356 3843 1427 3909 pdra

201 3918 301 3983 &aaut
314 3936 406 4006 iimina,
418 3943 618 4009 quinquaqinta
636 3942 708 3993 atris
725 3940 845 3993 hiatibus
859 3942 995 3993 intentans
1013 3941 1123 3992 miseris
1138 3942 1251 3992 rnortalc
1268 3943 1389 3994 enititum.

266 4025 426 4092 staulinus
448 4038 531 4107 igitur
554 4037 721 4099 demonum,
745 4038 941 4108 imperatorum
963 4037 1046 4105 jussis
1070 4038 1300 4106 obtemperantes,
1314 4038 1424 4106 equulei

237 4128 371 4189 renationem
382 4135 464 4189 celeri
480 4135 531 4189 sub
549 4134 726 4189 testinatione
742 4135 889 4204 applicant,
906 4150 1125 4203 suspensumque
1143 4134 1219 4202 gravi
1237 4133 1426 4188 membrorum

237 4223 363 4286 erlelatione
373 4234 503 4288 afficiunt.
520 4233 582 4302 Qua
594 4234 644 4288 Dei
661 4234 789 4287 sacerdos
805 4232 956 4286 acerbitate
967 4232 1115 4294 interritus,
1127 4231 1304 4285 saevientibus
1316 4231 1408 4286 aiebat
1420 4253 1427 4287 ε

238 4314 352 4385 Dioeitrd
365 4351 443 4401 nunc,
461 4337 549 4403 impii,
559 4336 752 4398 Jesuchriui,
766 4336 916 4389 salvatoris
929 4336 1032 4399 mundi,
1041 4335 1196 4400 potentiam.
1208 4332 1345 4397 Larqitnr
1356 4334 1428 4385 enim

199 4408 225 4463 ii
236 4423 299 4475 serris
306 4432 354 4485 suis
363 4434 488 4500 patiendi
497 4435 708 4499 beniuolentiam,
717 4436 853 4488 tolerandi
869 4434 1056 4498 sufferentiam
1067 4439 1090 4483 et
1101 4431 1295 4497 perseverandi
1305 4435 1427 4483 caresian-

235 4513 292 4572 rhu.
305 4526 497 4585 cucumerum
508 4540 532 4585 et
548 4533 723 4586 humiliatum
732 4549 785 4585 nors
804 4533 915 4598 spernit,
924 4532 970 4583 sed
981 4536 1019 4582 est
1032 4531 1086 4596 ipsi
1097 4530 1253 4597 acceptabile
1261 4530 1428 4595 sacrificium

234 4616 322 4680 'iliius
329 4631 519 4684 contribulatas
525 4649 536 4696 ;
553 4634 619 4700 quia
631 4648 685 4684 nou
695 4639 759 4685 seint
773 4632 910 4697 condique
918 4630 1060 4696 passiones
1071 4629 1155 4694 hujus
1166 4630 1294 4695 temporis
1305 4630 1342 4681 ad
1352 4630 1427 4694 futu

235 4721 383 4784 runqlorium
391 4745 449 4797 que
457 4731 619 4783 recelabitur
629 4733 659 4784 in
669 4732 734 4784 silis.
