3270 5400
323 317 392 389 168
656 338 782 390 caran.
808 339 912 391 cono.
939 339 1215 391 aaarooaaemc.

319 527 484 595 potentibus,
495 532 584 582 totum
596 544 626 581 se
638 528 673 581 ad
685 528 807 583 sanctam
818 528 1125 589 liatlrerinamcontulit.
1135 535 1217 598 atque
1229 529 1342 583 missam
1352 530 1387 584 de
1398 546 1432 583 ee
1440 531 1554 585 schola·

319 625 394 680 ribus
405 632 516 680 cautere
527 626 652 682 instituit
664 627 730 681 Mira
743 629 800 682 rest
809 628 889 681 Missa
902 628 1038 691 inchoata,
1051 630 1125 681 venit
1133 645 1201 697 puer
1211 629 1290 682 laetus
1302 633 1330 682 et
1342 628 1458 683 indutus
1468 636 1553 686 veste

207 793 213 803 Ι
229 768 235 780 .
317 725 546 795 pulcherrimam
558 728 635 795 cujus
650 727 772 795 margine
781 729 795 760 *
803 744 851 781 seu
860 727 976 781 fimbriis
988 728 1119 797 scriptum
1132 734 1190 781 erat
1202 727 1331 782 inferius:
1345 729 1357 753 ⁴
1369 727 1468 783 Omnis
1480 745 1552 783 cou-

254 835 260 846 '
317 824 576 880 summationisridi
589 826 784 888 tinem;latum
796 828 957 881 mandatum
970 833 1045 881 tuum
1065 827 1179 891 nimis„
1199 828 1386 895 Interrogatus
1404 829 1554 896 quomodo

317 923 456 989 evasisset,
473 925 613 993 respondit
629 944 635 978 :
654 928 698 978 lile
714 927 851 979 sabrrrerso
870 928 1120 992 declamatoriae,
1134 934 1276 994 prorepens
1296 943 1337 980 me
1355 928 1406 981 icoc
1422 930 1513 996 pullio
1530 934 1589 985 eti

317 1024 416 1076 ducens
427 1025 464 1076 ari
472 1025 546 1090 litua,
555 1025 627 1077 citati
639 1044 645 1077 :
656 1024 669 1049 “
681 1026 768 1079 Curre
780 1028 838 1087 cito,
849 1027 938 1092 filiole,
950 1034 974 1078 et
985 1035 1065 1078 carita
1078 1029 1257 1079 miseriacum
1273 1029 1355 1079 sociis
1368 1029 1426 1081 tuis
1437 1031 1470 1082 de
1479 1031 1556 1094 seete

317 1138 400 1187 meo„
412 1121 511 1190 Sioque
523 1122 602 1176 multi
611 1123 751 1177 scholares
760 1128 787 1177 et
795 1129 915 1178 rectores
924 1124 1053 1188 affectati,
1063 1124 1240 1179 devotissime
1253 1125 1318 1179 huic
1331 1126 1460 1193 gloriose
1469 1127 1556 1198 cirpi-

316 1220 344 1273 ni
355 1219 515 1283 servierunt,
528 1226 555 1274 et
563 1220 708 1275 historiam
717 1222 776 1289 ejus
785 1238 848 1276 cum
861 1239 961 1291 inagna
969 1222 1108 1292 diligeritia
1120 1222 1273 1278 didicerunt
1285 1230 1312 1278 et
1321 1232 1515 1294 exposuerunt
1527 1233 1555 1281 et

315 1319 373 1372 suis
382 1318 551 1387 temporibus
560 1336 647 1388 usque
656 1320 817 1374 solemniter
827 1321 1052 1375 decantaverunt.

315 1525 368 1583 lte
389 1536 430 1581 eo
451 1523 513 1594 qut
532 1524 569 1582 tn
591 1524 780 1583 devotlone
800 1538 870 1583 sue
890 1537 999 1596 quem
1025 1527 1147 1585 beatae
1174 1526 1391 1586 Kathertnae
1417 1526 1554 1590 solitus
1573 1529 1606 1580 ⁴⁰

513 1646 517 1652 ·
686 1625 771 1683 eret
791 1618 975 1693 exhihere,
996 1626 1178 1696 tepuerat.

356 1812 390 1871 8.
407 1813 503 1867 Fertur
514 1829 624 1881 quoque
636 1814 711 1881 quod
723 1814 789 1865 dum
798 1814 910 1881 quidam
921 1815 1036 1867 devotus
1047 1815 1132 1867 beatae
1143 1814 1299 1867 llatlrerinae
1310 1815 1442 1869 existeret
1451 1821 1480 1870 et
1489 1834 1555 1873 earn

315 1912 411 1965 erebro
422 1913 450 1966 in
460 1910 675 1979 suiadjutorium
686 1911 834 1973 invocaret,
844 1928 893 1979 per
902 1927 1059 1980 processum
1070 1911 1201 1980 temporis
1213 1912 1314 1966 mentis
1326 1910 1435 1967 incuria
1447 1915 1556 1969 resolu-

315 2016 368 2073 tus,
376 2015 403 2063 et
412 2009 586 2063 devotionem
594 2006 693 2063 mentis
705 2009 823 2077 perdidit
831 2014 859 2063 et
869 2010 905 2062 ab
913 2009 998 2078 ipsius
1008 2009 1181 2063 invocatione
1190 2010 1374 2077 cessaritQui
1385 2011 1414 2064 iu
1424 2015 1556 2068 oratione

314 2108 419 2177 positus
436 2107 504 2161 vidit
520 2106 724 2160 multitudinem
742 2106 875 2175 virginum
897 2112 961 2159 ante
978 2123 1007 2159 se
1019 2107 1227 2163 transeuntium.
1247 2106 1318 2160 inter
1331 2123 1403 2174 quas
1421 2125 1479 2162 una
1498 2127 1556 2180 prae
1574 2122 1608 2171 ta

315 2206 413 2260 ceteris
429 2205 596 2276 splendidior
608 2206 757 2259 ridebatur.
769 2206 836 2273 Quae
854 2207 918 2259 dum
937 2206 988 2259 sibi
1007 2206 1261 2274 appropinquasset.
1274 2205 1373 2259 taciem
1393 2222 1475 2261 suam
1489 2225 1556 2279 ope·

315 2303 376 2365 ruit.
394 2310 421 2357 et
437 2303 475 2356 sic
493 2308 556 2357 ante
574 2320 638 2356 eum
655 2304 724 2356 facie
742 2304 831 2356 velata
847 2303 979 2357 transivit.
992 2304 1076 2372 Cujus
1092 2304 1266 2372 splendorem
1285 2320 1347 2357 cunr
1367 2304 1413 2358 ille
1431 2305 1555 2361 nimium

314 2400 460 2455 miraretur
470 2406 498 2454 et
514 2418 577 2468 quae
589 2407 661 2454 esset
673 2401 857 2471 interrogaret,
869 2418 924 2455 una
933 2418 966 2456 ex
979 2401 1017 2456 eis
1033 2402 1084 2455 sibi
1094 2402 1235 2471 respondit
1245 2422 1251 2455 ε
1261 2404 1325 2457 Huc
1335 2411 1374 2456 est
1382 2405 1556 2473 Kotlrerino,

315 2517 397 2569 quom
413 2503 477 2553 olim
494 2503 591 2554 celitus
606 2518 759 2567 coprroseere
775 2519 845 2555 eras.
864 2503 1056 2567 Naucratem,
1074 2504 1141 2570 quio
1158 2518 1217 2554 eane
1235 2520 1288 2555 nen
1307 2519 1468 2569 eopnoecere
1481 2507 1555 2559 cide·

316 2600 365 2663 rie,
381 2615 473 2651 corum
489 2606 513 2650 te
529 2601 569 2650 sic
587 2601 671 2651 reluta
687 2601 758 2663 fecie
775 2606 912 2665 tarrrqaam
930 2618 946 2651 n
965 2607 989 2652 te
1007 2602 1141 2666 inceperim
1157 2602 1348 2667 pertransivit.
1572 2614 1608 2665 20

314 2799 366 2857 lte
380 2798 570 2857 secerdote
583 2798 685 2870 eujus
697 2801 793 2858 boue
805 2799 1033 2871 temporatia,
1047 2813 1093 2859 ne
1107 2813 1132 2858 a
1150 2799 1290 2860 ruribus
1305 2804 1550 2877 raperentur,

641 2901 755 2958 beate
775 2899 980 2958 Kathertna
1000 2898 1211 2959 eustodtvlt.

356 3088 390 3147 9.
414 3089 550 3144 Plebanus
561 3090 672 3160 qnidam
685 3096 808 3143 sanctam
821 3090 935 3159 diligens
946 3089 1132 3145 llatlrerinam.
1145 3107 1208 3144 nam
1225 3090 1338 3159 singulis
1356 3093 1437 3147 annis
1458 3093 1489 3149 in
1507 3095 1553 3150 die

314 3188 413 3242 natalis
425 3189 484 3257 ejus
493 3187 648 3241 convivium
662 3188 824 3256 preparavit
841 3193 868 3240 et
885 3188 1040 3241 sacerdotes
1057 3204 1089 3240 ac
1109 3204 1242 3256 pauperes
1261 3187 1397 3244 invitarit.
1417 3190 1550 3259 Quadam

314 3290 406 3338 autem
419 3286 478 3338 rice
489 3291 608 3353 quatuor
621 3286 694 3338 iures
705 3285 833 3337 dixerunt
844 3284 878 3337 ad
891 3284 1008 3337 invicem
1022 3304 1028 3337 :
1047 3286 1181 3339 l’lelnaas
1195 3288 1258 3351 jam
1275 3294 1367 3339 caritot
1387 3291 1416 3340 iu
1434 3292 1549 3345 ecclesie
1567 3304 1600 3355 η

225 3430 231 3441 .
313 3402 372 3437 cum
385 3387 498 3447 clericis,
510 3393 533 3438 et
543 3401 590 3438 aea
600 3387 722 3438 colamur
732 3387 839 3437 doniam
852 3387 958 3436 intrare
966 3393 989 3437 et
1001 3386 1076 3437 trullo
1084 3385 1207 3437 ridente*
1219 3402 1263 3438 ree
1272 3402 1341 3439 errae
1349 3395 1508 3455 exportare.
1516 3388 1550 3443 Et

234 3474 255 3507 ⁵·
313 3482 446 3537 intrantes
457 3484 579 3548 domurn,
592 3482 657 3553 quia
668 3482 771 3536 lamala
782 3483 897 3551 parabat
908 3487 981 3536 retro
992 3483 1102 3543 cibaria,
1115 3483 1253 3537 neminem
1266 3489 1473 3553 pratereanem
1487 3504 1548 3556 par·

312 3599 378 3636 rum
391 3583 519 3637 viderunt
534 3584 688 3637 latrantem.
706 3582 755 3636 Cui
773 3584 845 3636 iures
864 3588 947 3650 eaput
963 3588 1184 3650 amputarerunt,
1202 3588 1230 3636 et
1246 3599 1388 3637 cameram
1409 3585 1547 3641 intrantes

313 3683 406 3736 onmia
417 3688 574 3752 rapuerunt.
582 3683 634 3735 Sed
648 3687 716 3736 nutu
728 3682 777 3735 Dei
786 3698 923 3735 canteram
936 3681 1011 3735 exire
1023 3697 1079 3734 non
1092 3686 1225 3750 poterant,
1235 3686 1263 3735 et
1273 3688 1356 3752 caput
1365 3684 1443 3737 canis
1452 3702 1547 3755 ampu-

312 3786 399 3835 tatum
412 3782 501 3835 adhuc
511 3783 640 3836 continue
648 3781 772 3835 latrabat.
782 3782 915 3834 Sacerdos
926 3797 990 3834 vero
1002 3781 1110 3834 rediens
1121 3797 1183 3835 cum
1194 3782 1299 3843 ceteris,
1311 3782 1387 3836 iures
1396 3784 1426 3837 in
1434 3800 1547 3839 camera
1561 3796 1591 3847 ao

311 3880 445 3950 repperit;
456 3886 539 3949 caput
551 3898 616 3934 rero
635 3881 709 3934 canis
720 3885 892 3949 amputatum
909 3880 1001 3933 adhuc.
1012 3880 1112 3934 latrare
1125 3880 1200 3934 ridit.
1212 3881 1289 3935 Tunc
1302 3881 1378 3935 iures
1395 3883 1545 3947 confusia

311 3979 427 4049 plebano
445 3980 553 4034 reniam
566 3980 709 4048 petierunt,
729 3979 904 4049 ridentesque
917 3979 1054 4048 magnalia
1072 3978 1119 4032 liei
1137 3985 1164 4033 et
1181 3985 1283 4033 sancte
1301 3980 1471 4045 Katheriurr,
1485 3988 1543 4037 toto

312 4080 393 4133 corde
402 4081 547 4133 emendam
560 4082 755 4148 promiserunt.

340 4285 392 4342 De
409 4281 613 4342 mechanico
632 4281 693 4354 qui
716 4295 837 4341 omnes
858 4283 1037 4352 emptores
1058 4295 1143 4342 suos
1163 4281 1331 4354 perdidit,
1350 4296 1394 4343 eo
1417 4285 1514 4356 quod

568 4384 808 4453 proposuerat
828 4382 984 4453 emplius
1006 4382 1100 4441 nolle
1122 4380 1279 4442 mentiri.
1551 4382 1579 4434 tt
1616 4398 1633 4413 ³

353 4569 409 4627 10.
429 4569 544 4636 Quidam
558 4569 734 4623 mechanicus
746 4572 844 4623 devote
856 4570 978 4623 serviens
989 4571 1076 4623 lreatre
1089 4570 1252 4628 lintherinu.
1264 4576 1292 4624 et
1303 4572 1379 4625 omni
1392 4588 1465 4627 auno
1476 4588 1534 4641 pro·

308 4666 381 4720 misit
394 4667 520 4721 orrrittere
531 4667 632 4734 aliquid
646 4683 694 4735 pro
708 4668 767 4729 ejus
778 4683 873 4719 antcire
885 4672 912 4719 et
924 4668 1038 4720 honore.
1051 4668 1112 4720 Uno
1125 4684 1197 4719 anno
1210 4666 1342 4721 abstinuit
1355 4684 1370 4721 a
1386 4668 1467 4731 rino;
1482 4665 1531 4721 alio
