3270 5400
351 378 444 427 aran.
462 378 544 427 nna.
562 376 735 428 oausam.
756 398 802 408 —
820 378 968 429 nerano.
987 378 1034 427 ao
1052 377 1132 428 coo.
1151 367 1190 427 n⁰
1206 376 1329 427 :sos-ra.
1390 354 1458 427 1023

256 566 420 636 Imperatori
429 608 453 622 s.
471 571 560 636 (ibid,
574 587 602 638 p.
620 574 678 636 192,
695 573 744 624 tin.
757 575 803 635 11)
821 575 849 623 et
869 570 931 622 licet
942 569 1039 622 avibus
1051 573 1141 622 esseut
1153 568 1285 636 exposita,
1298 567 1457 636 providente

221 670 320 719 tamen
332 667 398 727 Deo,
409 667 488 735 cujus
496 672 635 737 respectus
647 673 688 723 est
700 669 729 723 in
740 670 841 724 electos
853 668 933 732 illius,
945 685 961 720 a
978 669 1022 722 die
1041 668 1177 736 passionis
1187 683 1292 727 eorum,
1305 666 1430 719 videlicet
1441 682 1457 717 a

220 748 350 817 kalendis
360 765 484 834 Augusti,
494 767 624 835 usquead
634 767 756 821 Natalem
776 766 886 821 Domini
904 767 931 820 in
949 767 1037 821 imbre
1054 771 1082 820 et
1099 769 1166 819 aestu
1179 767 1281 819 intacto
1293 766 1457 833 perdurare-

219 866 295 916 runt
305 864 390 917 Erant
401 864 439 919 ibi
451 868 507 919 tres
520 865 609 935 pinna
621 866 759 934 inquibus
770 867 853 920 ultim
865 882 921 920 uon
937 870 1016 919 erant
1028 885 1034 918 ι
1046 865 1120 933 quod
1133 864 1257 918 dolentes
1269 864 1365 933 pagani
1376 863 1456 916 mise·

185 968 202 1015 δ
219 967 286 1015 runt
298 964 435 1031 quosdam
448 965 494 1034 qni
504 965 642 1019 deterrent
652 966 704 1020 tria
716 966 812 1034 capita,
825 970 854 1018 ut
872 964 958 1034 magis
969 964 1119 1033 gauderent
1130 964 1195 1016 dum
1209 963 1269 1016 loca
1280 964 1373 1016 onmia
1386 962 1456 1015 occi-

218 1077 317 1115 sorum
327 1062 463 1131 capitibus
475 1064 556 1132 plena
568 1069 667 1119 essent.
680 1065 710 1118 ln
723 1064 813 1132 vigilia
827 1064 928 1118 Nubilis
937 1063 1047 1117 Domini
1060 1062 1200 1115 venientes
1212 1061 1300 1114 allatis
1312 1061 1456 1129 capitibus,

219 1160 288 1213 dum
298 1177 334 1213 ea
346 1161 374 1214 in
383 1162 504 1215 derisum
513 1163 648 1233 capitibus
656 1163 717 1217 aliis
726 1165 912 1233 adjungerent,
924 1180 957 1217 ca
965 1180 1027 1232 qum
1039 1180 1055 1214 a
1068 1162 1112 1215 die
1121 1161 1193 1214 beati
1207 1161 1278 1215 Petri
1298 1160 1351 1214 illie
1370 1165 1455 1222 erant,

219 1260 300 1327 quasi
314 1262 519 1330 congaudentes
528 1280 576 1316 eos
587 1279 680 1317 seeum
694 1264 801 1333 probris
813 1263 912 1332 exponi
921 1279 991 1332 quos
1009 1263 1037 1315 in
1049 1260 1174 1330 passione
1192 1261 1281 1314 socios
1294 1261 1455 1321 habuerant,

220 1357 334 1412 laudem
344 1376 406 1428 quae
418 1361 499 1430 rulgo
509 1363 617 1415 Horaia
626 1365 639 1392 ⁸
651 1362 749 1417 dieitur
761 1363 951 1416 decantabant.

179 1460 207 1507 tt
256 1457 344 1512 Nocte
368 1459 450 1529 igitur
476 1461 662 1515 sacratissima
691 1461 839 1515 Dominicae
868 1461 1021 1514 Nativitatis
1047 1463 1146 1523 media,
1174 1460 1302 1530 splendor
1329 1474 1455 1526 superma

224 1554 294 1610 lucis
304 1557 393 1625 ipsum
406 1559 497 1612 locum
510 1559 657 1623 irradiavit,
669 1565 696 1614 et
713 1560 807 1614 audita
817 1564 881 1613 sunt
893 1560 983 1628 capita
994 1560 1128 1628 hymnum
1141 1559 1301 1628 angelicum.
1316 1560 1412 1611 Gloria
1426 1559 1455 1609 ia

227 1657 338 1709 eccelsia
347 1658 411 1721 Deo,
419 1658 547 1712 canentia
559 1663 586 1712 et
597 1659 708 1713 delicias
720 1659 889 1713 electissinnn
901 1660 990 1712 noctis
1007 1659 1078 1712 dulci
1091 1657 1277 1712 modulamine
1289 1671 1455 1723 concrepan-

231 1752 268 1805 tia
284 1773 291 1806 :
310 1754 435 1809 miranda
452 1757 563 1825 quidem
577 1758 707 1822 novitate,
718 1759 831 1811 sednon
845 1758 1004 1820 incredibili,
1017 1757 1117 1826 quippo
1130 1758 1202 1810 lleus
1220 1757 1322 1809 iaciens
1340 1754 1416 1821 signa
1428 1760 1455 1806 at

235 1850 378 1907 immutans
386 1854 531 1918 mirabilia,
543 1856 596 1910 lroc
606 1857 737 1911 miraculo
751 1857 905 1926 prodigioso
915 1862 1065 1925 martyrum
1077 1873 1190 1909 suorum
1200 1854 1297 1908 merita
1308 1852 1456 1907 clarilicnre
1484 1847 1488 1855 ’

199 1951 224 1998 lb
238 1949 411 2018 dignatusest.
424 1955 468 2008 cni
478 1959 519 2008 est
529 1955 614 2008 virtus
626 1956 719 2009 omnia
732 1973 818 2024 posse.

269 2049 347 2117 lgitur
363 2052 456 2121 vigiles
473 2054 521 2121 qni
538 2054 675 2108 custodias
695 2055 888 2113 observabant,
915 2055 967 2107 hoc
991 2057 1067 2121 signo
1094 2053 1259 2106 miraculoso
1282 2051 1457 2111 consternati,

245 2147 401 2217 diffugerunt.
419 2152 462 2204 bis
479 2152 527 2220 qui
545 2152 573 2205 in
590 2153 704 2206 urbibus
721 2160 799 2207 erant
817 2155 868 2207 lroe
886 2154 1080 2206 renuntiantes.
1099 2152 1177 2205 Unde
1195 2167 1242 2203 rex
1261 2149 1380 2203 civitatis
1398 2165 1458 2216 pro·

249 2248 316 2300 cessit
324 2264 381 2303 cum
392 2251 456 2303 suis.
470 2251 523 2318 Qui
541 2255 568 2304 et
580 2251 638 2320 ipsi,
655 2252 780 2306 ridentes
791 2252 879 2305 lucem
893 2257 1083 2304 coruscantem
1101 2256 1129 2303 et
1147 2251 1290 2303 audientes
1307 2264 1455 2316 supernum

252 2350 399 2409 concentum,
416 2348 479 2401 licet
492 2349 673 2416 probarentur
692 2349 793 2403 inimici
815 2349 935 2403 norninis
955 2349 1104 2411 christiani,
1121 2349 1220 2402 divinar
1238 2353 1331 2399 bamen
1351 2347 1458 2400 virtutis

217 2440 242 2489 tt
255 2442 321 2495 testes
329 2452 386 2498 sunt
396 2447 494 2501 effecti.
504 2448 564 2501 Rex
576 2452 668 2501 autem
678 2464 748 2516 quos
758 2448 974 2501 incarceraverat
983 2448 1110 2509 educens,
1121 2446 1275 2515 requirebat
1287 2444 1322 2497 ab
1332 2444 1371 2497 eis
1380 2442 1458 2511 quid-

258 2547 376 2594 amasset
390 2544 462 2611 quod
481 2544 586 2598 rideret
603 2549 631 2597 et
648 2545 762 2598 audiret.
781 2544 867 2598 Atilii
883 2545 1010 2598 dicebant
1022 2551 1131 2598 noctem
1147 2543 1222 2597 illam
1236 2559 1296 2596 esse
1308 2540 1458 2610 queritas

260 2632 296 2688 liei
303 2640 406 2694 nascitur
415 2659 448 2695 ex
461 2642 565 2711 virgine
575 2642 657 2696 llaria
667 2659 715 2711 pro
729 2643 916 2710 redemptione
928 2644 1035 2711 generis
1047 2642 1162 2695 baulani
1175 2641 1326 2694 secundnm
1339 2655 1457 2700 carnenr,

262 2734 315 2786 etab
327 2737 451 2794 bonorem
469 2740 541 2793 illius
557 2742 746 2795 memorabilis
758 2742 821 2795 sirati
835 2742 933 2795 arulum
948 2747 975 2794 et
987 2747 1086 2794 terram
1100 2740 1238 2808 gratulari.
1250 2737 1391 2806 Siquidem
1409 2737 1457 2789 ini·

265 2830 327 2885 nicus
343 2838 456 2892 raritatis
473 2855 646 2894 eorumnon
667 2840 800 2909 recipiens
817 2840 1013 2903 testimonium,
1034 2840 1125 2892 denuo
1146 2837 1210 2891 lecit
1230 2853 1279 2890 eos
1305 2834 1408 2888 retrudi
1429 2835 1457 2887 in

230 2926 253 2975 ll
265 2938 411 2991 caeream
422 2938 489 2991 dum
501 2937 653 2992 clamarent
661 2940 696 2992 ad
709 2939 865 3001 Dominum,
875 2939 988 3006 abyssus
998 2937 1189 2992 misericordiae
1199 2935 1318 3003 respexit
1326 2935 1455 3002 abyssum

267 3024 356 3094 uberis,
367 3034 423 3089 illos
432 3035 568 3097 videlicet,
578 3053 627 3104 pro
647 3054 676 3090 se
696 3039 725 3091 in
743 3038 879 3106 orgistulo
891 3037 1054 3089 constitutos
1065 3055 1071 3099 ;
1083 3040 1111 3087 et
1123 3035 1150 3088 in
1160 3033 1293 3087 ultionem
1304 3034 1456 3086 amicorum

267 3134 347 3182 Sturum
356 3134 397 3200 qui
408 3139 486 3187 erant
496 3135 524 3187 in
535 3134 659 3201 vinculis,
671 3136 804 3204 percussit
817 3134 943 3188 inimicos
951 3150 1016 3185 suos
1028 3133 1056 3186 in
1069 3131 1229 3200 posteriora,
1240 3130 1389 3184 secundum
1403 3128 1456 3197 pla·

267 3232 311 3283 tim
319 3224 514 3287 Pbilistinorum.
532 3233 617 3287 Porro
635 3250 691 3295 rex,
703 3234 858 3287 calamitate
870 3250 920 3285 suo
930 3248 1100 3299 suorumque
1111 3230 1276 3298 cornpulsus,
1289 3228 1456 3297 paenitudine

268 3314 357 3390 flectitur,
367 3333 473 3400 etquod
491 3333 616 3386 obtinere
628 3349 684 3387 non
697 3337 822 3401 poterant
835 3331 966 3385 miracula
978 3330 1084 3383 coelitus
1102 3335 1221 3391 ostensa,
1231 3327 1349 3381 obtinuit
1359 3343 1456 3379 rnauus

234 3415 330 3474 ”⁸⁰20
341 3428 420 3484 missa.
436 3430 507 3484 Nam
525 3431 677 3486 vinculatos
689 3433 815 3493 educens,
829 3430 940 3483 redditis
957 3430 1099 3498 capitibus,
1118 3444 1249 3496 quorsum
1269 3426 1369 3479 vellent
1381 3424 1456 3477 abire

266 3511 354 3579 incur.

291 3614 316 3668 ¹²¹
336 3623 373 3688 illi,
397 3646 458 3682 cum
487 3630 587 3698 gaudio
615 3635 791 3692 reuertentes,
812 3628 948 3682 caelestem
973 3628 1132 3680 thesaurum
1162 3642 1256 3678 secum
1276 3627 1455 3692 asportantes,

268 3707 394 3778 dirciterunt
404 3729 438 3781 ad
449 3728 542 3781 locum
552 3729 599 3782 ubi
611 3729 733 3782 sciebant
743 3744 858 3796 corpora
867 3732 1025 3780 sanctorum
1035 3725 1168 3777 tumulata
1177 3744 1183 3785 ;
1193 3727 1219 3776 ot
1230 3723 1273 3777 ita.
1282 3722 1325 3789 pia
1334 3719 1455 3773 tidelium

1542 1356 1619 1429 7„

1520 1419 1623 1499 bonnis

268 3805 389 3876 irratione·
396 3826 728 3889 honoranda,sanctorum
737 3831 887 3894 martyrum
898 3824 1012 3893 pignora
1022 3821 1290 3892 deportata‚reliquis
1298 3824 1454 3872 sanctorum
1539 3821 1552 3847 ⁸

235 3904 388 3979 Militibus
398 3924 426 3977 in
436 3926 616 3992 Ebbelrestorp
626 3925 852 3993 consepelierunt,
867 3923 892 3976 in
905 3923 966 3976 loco
978 3922 1088 3990 quidem
1100 3920 1196 3974 humili
1208 3925 1234 3972 ct
1248 3918 1352 3971 rneritis
1360 3933 1454 3970 eorum

270 4008 334 4066 mium
341 4018 417 4088 ll'guo,
430 4023 477 4077 ubi
489 4022 868 4093 requiescuntquadripartito
877 4023 973 4076 divisa.
986 4021 1181 4074 Verumtamen
1194 4020 1270 4072 locus
1280 4016 1456 4085 requietionis

269 4113 380 4178 marsum
388 4138 434 4189 per
445 4122 532 4176 multa
540 4128 695 4192 temporum
708 4121 842 4175 curriculo
851 4120 979 4173 omnibus
991 4119 1093 4172 mansit
1106 4119 1221 4185 ignotus,
1231 4118 1317 4170 donec
1327 4119 1457 4183 operante

179 4248 182 4265 ι
271 4198 479 4273 ntor‘tetrantibus
490 4238 550 4274 sese
559 4221 659 4274 sanctis
671 4219 834 4273 miraculose
848 4224 974 4271 ostensus
985 4222 1034 4270 est.

295 4301 318 4357 ln
332 4310 366 4367 die
386 4334 502 4387 namque
523 4319 716 4373 celebrationis
739 4323 895 4371 sanctorum
921 4317 1045 4384 quaedam
1067 4320 1201 4368 matronas
1224 4319 1374 4382 pergentes,
1395 4329 1456 4365 cum

237 4394 414 4471 “werbert
431 4418 466 4471 ad
487 4418 580 4471 locum
600 4417 785 4486 reliquiarum,
806 4415 994 4468 difficultatem
1019 4413 1068 4466 vias
1089 4413 1251 4474 inciderunt,
1272 4413 1309 4465 ita
1330 4418 1359 4465 ut
1376 4428 1457 4463 curru

272 4500 372 4563 mrum
381 4518 404 4567 et
415 4515 520 4585 lragore
533 4516 606 4570 iacto
617 4522 690 4570 stare
703 4515 940 4584 compellerentur,
954 4518 1094 4580 tamquam
1107 4511 1278 4564 ostendentes
1291 4511 1319 4563 in
1330 4510 1457 4578 lapidem.

273 4587 321 4657 Q
329 4606 438 4666 nitentes
448 4614 580 4682 quidnam
592 4614 745 4676 obsisteret,
755 4610 877 4680 diligenti
889 4627 955 4664 cura
966 4610 1162 4678 perquirebant
1173 4607 1332 4676 hujusmodi
1344 4608 1458 4661 difficul-

274 4690 345 4763 ¹²¹²¹¹¹3
357 4712 380 4760 el
389 4718 569 4781 respexerunt,
581 4712 700 4767 Domino
718 4711 863 4772 revelante,
881 4709 983 4778 cespite
1001 4725 1105 4772 everso,
1124 4724 1248 4761 cruorem
1268 4712 1405 4760 recentem
1422 4707 1457 4758 ab
