3270 5400
158 422 251 474 BIBL.
269 421 351 474 Rau.
369 420 542 474 nunaunt.
558 443 606 454 -
619 421 768 476 aPParm.
783 424 829 476 AD
843 425 924 478 COD.
938 425 971 476 Ι).
986 423 1102 479 PHlLL.
1116 426 1193 479 839⁴}
1220 407 1293 482 515

59 613 130 668 Satis
147 614 248 683 quippe
266 613 432 668 conveniens
452 618 534 683 atque
552 619 642 669 tutum
661 615 811 670 curationis
830 614 983 670 subsidium
1002 615 1135 671 adversus
1154 617 1294 685 hujusce¹

59 712 226 781 {egritudinis
237 713 374 766 morbum.
385 713 518 767 Interiore
534 712 608 768 enirn
621 718 724 778 curato,
737 713 900 768 exteriorem
914 718 1000 769 restat
1011 714 1023 749 ³
1034 715 1128 784 procul
1141 716 1225 771 dubio
1237 733 1294 772 sos·

59 811 211 881 pitandum.
220 811 290 866 Cum
302 828 366 880 ergo
378 811 503 866 infirmus
515 812 658 882 potionem
670 813 805 883 evangelii
818 814 864 882 pio
882 813 990 867 medico
1011 815 1175 883 propinante
1187 817 1294 872 medul-

58 909 124 963 litus
143 909 282 977 ebibisset,
299 926 364 964 mox
383 915 548 981 cooperante
565 911 668 980 Spiritu
689 917 785 965 sancto
803 911 957 982 viperinum
975 914 1050 967 virus
1068 913 1148 982 longe
1168 914 1294 982 rejiciens

26 1007 174 1063 tmedelae
184 1008 303 1062 salubris
322 1009 453 1063 virtutem
465 1009 601 1078 cognovit,
614 1025 748 1078 opemque
760 1008 812 1062 sibi
834 1010 1008 1080 baptismatis
1029 1011 1193 1080 imploravit.
1212 1014 1295 1068 Festi·

58 1111 142 1161 nante
161 1107 254 1175 itaque
275 1107 356 1161 beato
377 1108 526 1177 Gaugerico
547 1108 582 1161 ad
595 1108 700 1162 fontem
721 1107 805 1162 miser
825 1109 968 1164 deducitur
987 1127 1108 1179 moxque
1125 1128 1203 1166 sacra
1220 1114 1295 1167 unda

58 1222 199 1275 respersus
215 1207 254 1261 ita
271 1206 391 1260 mundus
402 1211 477 1261 totus
494 1207 620 1276 apparuit
631 1223 663 1261 ac
675 1207 697 1261 si
716 1223 857 1275 nunquam
870 1212 951 1262 antea
963 1208 1044 1278 leprae
1063 1211 1189 1278 contagio
1200 1215 1293 1281 tange-

57 1308 140 1359 retur.
153 1304 176 1359 0
188 1305 293 1359 felicem
306 1305 452 1360 diaconum
464 1310 492 1359 et
503 1307 579 1359 omni
588 1306 700 1360 laudum
713 1322 812 1376 genere
825 1306 1031 1372 cumulandum,
1040 1309 1085 1362 cui
1102 1309 1153 1377 pioe
1165 1310 1294 1378 praedica·

58 1403 142 1458 tionis
154 1403 276 1457 officium
289 1407 365 1458 tauto
374 1403 528 1459 mirabilem
540 1404 646 1474 peperit
654 1404 926 1469 fructum,cuisolida
934 1405 1002 1459 tides
1013 1406 1081 1460 illud
1092 1407 1192 1462 Christi
1201 1409 1295 1477 adqui·

11 1508 40 1558 to
57 1501 121 1556 sivit
141 1501 328 1570 evangelicum
342 1521 348 1555 ε
360 1504 371 1527 “
384 1501 438 1570 Qui
458 1503 486 1557 in
502 1519 547 1556 me
570 1544 603 1567 „
623 1504 719 1573 inquit,
742 1504 753 1529 ⁸
776 1504 920 1559 crediderit
940 1521 997 1559 non
1016 1505 1106 1560 solum
1128 1523 1212 1575 opera
1231 1525 1293 1577 quae

59 1599 130 1653 facio
150 1599 239 1666 faciet,
258 1601 307 1654 sed
324 1601 431 1668 majora
447 1600 549 1680 horum
562 1601 676 1666 faciet,
697 1602 730 1655 Et
748 1603 855 1669 majora
874 1603 977 1657 etenim
989 1603 1061 1668 fecit¹
1073 1620 1135 1658 curn
1154 1605 1181 1659 in
1194 1607 1293 1662 eodem

59 1696 172 1751 bomine
184 1703 212 1752 et
222 1699 381 1767 gentilitatis
392 1701 529 1753 convertit
537 1716 658 1753 errorem
673 1706 700 1754 et
712 1701 794 1769 leprae
803 1701 947 1755 mundavit
957 1702 1135 1773 asperginem.
1144 1704 1188 1757 Sic
1200 1704 1294 1773 itaque

57 1798 221 1866 sospitatum
238 1799 380 1853 Deo.vero
398 1798 533 1853 sacerdoti
550 1799 674 1854 medicus
696 1800 918 1868 incomparabilis
929 1801 1008 1868 iuxta
1024 1807 1190 1871 praeceptum
1208 1804 1294 1858 domi·

57 1895 150 1951 uicum
161 1897 259 1950 offerre
268 1900 382 1965 putavit,
395 1902 530 1967 tensaque
536 1914 617 1952 coma
629 1898 726 1967 capitis
734 1899 914 1953 erudiendum
925 1899 955 1953 in
966 1901 1135 1954 monasterio
1147 1901 1293 1957 clericavit

10 2002 41 2051 rt
99 1979 141 2051 5]
161 1994 277 2049 Beatum
301 2010 367 2048 vero
391 1993 570 2063 Gaugericum
594 1994 658 2062 quia
682 1995 767 2062 signis
795 1994 925 2064 pollebat,
955 1994 1101 2050 virtutibus
1125 1998 1293 2066 coruscabat,

57 2109 154 2148 omnes
171 2091 247 2147 urbis
259 2089 497 2145 cameracensium
511 2090 584 2144 cives
594 2106 650 2145 uno
668 2090 761 2144 animo
774 2091 872 2145 eadem
888 2091 1030 2145 voluntate
1042 2093 1229 2148 acclamarunt
1240 2093 1293 2148 sibi

56 2193 223 2262 episcopum,
228 2206 338 2258 unaque
346 2195 456 2243 orantes
463 2190 496 2243 ad
505 2188 653 2244 Dominum
661 2205 711 2243 nec
720 2189 828 2243 difficile
835 2194 963 2244 votorum
974 2196 1115 2259 compotes
1124 2196 1292 2247 meruerunt

56 2291 156 2346 Divina
167 2292 259 2358 itaque
271 2290 433 2357 disponente
442 2288 529 2358 gratia
537 2288 708 2358 subrogatus,
718 2288 827 2357 qualem
840 2305 870 2342 se
879 2294 1070 2358 quantumque
1081 2290 1110 2343 in
1120 2291 1292 2359 episcopatus

56 2388 294 2445 administratione
316 2387 472 2456 praestiterit
491 2403 547 2440 non
570 2391 670 2441 nostrae
691 2390 732 2440 est
753 2387 880 2440 evolvere
904 2387 1042 2441 facultatis
1066 2388 1084 2442 ¹.
1110 2388 1177 2442 Nam
1202 2389 1292 2457 major

10 2494 40 2544 td
57 2488 165 2543 excellit
176 2504 259 2557 quam
271 2487 327 2540 ullo
340 2486 487 2539 verborum
497 2485 603 2539 ambitu
624 2485 711 2554 possit
720 2485 829 2539 includi.
841 2485 969 2540 Ceterum
979 2502 1029 2539 nec
1039 2490 1150 2557 propter
1158 2486 1292 2556 assumpti

57 2587 148 2642 oneris
159 2588 321 2655 gravitatem
335 2585 404 2638 sacri
416 2583 547 2654 propositi
560 2584 741 2638 constantiam
763 2577 876 2651 quamn
893 2601 979 2653 puero
996 2589 1114 2653 ceperat,
1132 2585 1291 2650 intermisit;

57 2685 106 2739 sed
114 2685 211 2754 plenus
224 2683 394 2738 auctoritatis
403 2688 431 2737 et
441 2682 534 2752 gratia
546 2699 625 2752 aequo
639 2682 755 2736 liberata
765 2683 777 2716 ²
788 2699 897 2737 morum
909 2686 936 2736 et
944 2688 1056 2738 actuum
1067 2683 1198 2753 episcopii
1207 2684 1292 2753 digni·

56 2789 142 2838 tatem
154 2767 358 2853 infatigabiliter
369 2782 530 2849 adimplevit
541 2783 552 2815 ³
564 2801 570 2833 ι
582 2782 695 2835 studens
707 2798 816 2851 semper
827 2781 1015 2850 praedicationi
1025 2798 1137 2851 operam
1150 2784 1223 2847 dare,
1233 2799 1293 2837 ver·

57 2881 101 2937 bis
112 2882 214 2952 pluere,
223 2882 362 2936 miraculis
371 2897 522 2935 coruscare.
534 2880 571 2934 Ut
588 2885 680 2934 autem
699 2880 732 2933 de
744 2880 856 2949 reliquis
875 2886 981 2935 taceam
995 2882 1160 2936 :bocunum
1170 2882 1245 2950 quod
1256 2882 1292 2936 ad

10 2986 40 3036 bb
58 2997 155 3037 omnes
167 2982 226 3049 ejus
245 2980 348 3036 suflicit
366 2980 468 3045 laudes,
485 2984 594 3049 quentoe
614 2979 649 3032 sit
669 2979 762 3047 gratiae
783 2980 844 3048 quis
864 2979 965 3048 poterit
986 2980 1129 3045 aestimare,
1142 2981 1215 3049 quod
1232 2981 1292 3049 ipso

57 3085 191 3152 praesente
209 3097 350 3149 nunquam
363 3096 455 3133 carcer
474 3084 521 3132 aut
538 3077 648 3132 vincula
669 3082 763 3146 captos
784 3083 910 3147 poterant
929 3079 1056 3132 retinere.
1069 3078 1152 3132 Sacra
1172 3093 1292 3146 namque

58 3179 230 3234 ordinatione
247 3182 382 3247 percepta,
395 3193 457 3231 cum
474 3177 531 3245 jam
544 3176 606 3244 pius
626 3181 719 3244 pastor
736 3192 844 3246 gregem
865 3177 919 3231 sibi
936 3177 1116 3231 commissum
1133 3177 1291 3230 visitaturus

56 3279 155 3332 urbem
166 3277 370 3339 intrasset‚aute
382 3276 496 3329 domum
508 3274 617 3329 comitis
626 3274 771 3328 transitum
781 3274 891 3339 faciens,
901 3275 1068 3343 derepente⁴
1080 3274 1191 3343 quidem
1198 3273 1292 3328 llllcim

56 3376 155 3431 noxios
164 3376 288 3430 audierat
299 3377 328 3430 in
339 3391 447 3428 carcere
457 3372 616 3442 mancipari,
633 3389 752 3442 quorum
762 3373 963 3427 absolutionem
976 3389 1038 3426 cum
1051 3373 1086 3426 ab
1098 3372 1158 3441 ipso
1168 3373 1290 3443 principe

10 3479 38 3532 bd
57 3474 181 3528 obtinere
192 3490 249 3528 non
261 3478 361 3542 posset,
372 3472 465 3527 statim
479 3472 522 3542 pie
535 3477 690 3525 commotus
700 3471 823 3525 divinum
837 3471 970 3524 auxilium
982 3470 1148 3540 imploravit,
1155 3476 1186 3524 ut
1193 3471 1216 3525 si
1225 3486 1290 3525 vere

56 3572 184 3627 videlicet
193 3572 296 3641 ligandi
308 3576 390 3640 etque
400 3571 526 3625 solvendi
542 3569 734 3625 auctoritatem
747 3569 904 3638 susciperet,
917 3569 1011 3622 divina
1028 3568 1174 3623 clementia
1186 3569 1214 3622 in
1224 3585 1290 3638 prae·

55 3673 127 3725 senti
147 3672 310 3726 miserorum
322 3670 463 3740 ereptione
486 3670 630 3724 ostendere
650 3669 815 3738 dignaretur.
837 3667 959 3721 Necdum
977 3683 1071 3736 preces
1091 3667 1208 3732 finierat,
1225 3685 1290 3723 cum

55 3771 174 3825 claustra
185 3770 301 3824 carceris
316 3770 418 3838 ingenti
430 3768 547 3823 stridore
558 3784 692 3822 concussa
701 3768 770 3820 seris
788 3783 821 3820 ac
842 3766 966 3820 vectibus
983 3766 1119 3832 resolutis,
1131 3783 1201 3835 quos
1218 3772 1291 3822 tene·

54 3868 124 3921 bant
133 3867 249 3921 miseros
268 3867 433 3932 relaxarunt,
446 3882 582 3936 suumque
603 3866 806 3934 redemptorem
828 3868 974 3933 sequentes
992 3864 1127 3933 cumipse
1146 3863 1290 3919 ecclesiam
1357 3847 1362 3854 ’

10 3975 36 4027 tt
54 3965 159 4021 cunctis
171 3965 356 4035 spectantibus
367 3965 543 4019 intraverunt
556 3965 659 4032 Aptum
671 3963 806 4032 siquidem
814 3963 938 4017 muneris
948 3963 1050 4033 sumpti
1057 3962 1290 4033 principium,quo

54 4063 198 4118 visibiliter
206 4064 378 4117 monstrabat
386 4064 514 4118 sortitum
522 4062 646 4118 solvendi
655 4061 846 4116 officiumNec
856 4066 949 4115 tamen
961 4061 1080 4131 aliquem
1091 4065 1209 4126 moveat,
1215 4061 1290 4130 quod

53 4167 149 4237 pastor
159 4163 283 4232 egregius
294 4163 413 4232 primum
434 4163 463 4217 in
475 4162 614 4217 solvendis
632 4160 791 4231 corporibus
810 4160 895 4215 officii
912 4160 955 4216 sui
972 4161 1088 4231 gratiam
1105 4161 1291 4214 demonstras·

53 4266 104 4328 set,
116 4277 180 4317 cum
191 4262 265 4316 dicet
282 4260 424 4330 apostolus
435 4277 492 4315 non
503 4260 579 4329 prius
590 4260 664 4329 quod
681 4259 828 4329 spirituale,
840 4260 888 4313 sed
907 4260 981 4328 quod
994 4263 1036 4312 est
1053 4257 1180 4322 animale,
1191 4257 1291 4312 deinde

53 4362 128 4432 quod
136 4362 284 4431 spirituale.
294 4363 383 4430 Hujus
392 4367 484 4417 autern
495 4363 617 4416 muneris
629 4362 745 4431 gratiam
758 4366 853 4431 pastor
863 4361 1052 4415 sanctissimus
1065 4361 1223 4429 frequenter
1231 4375 1291 4441 qga-

10 4473 33 4524 »ο
52 4463 109 4530 bat,
121 4478 283 4531 semperque
295 4461 422 4531 ingenitae
433 4460 542 4531 pietatis
554 4461 655 4514 affectu
666 4460 695 4514 in
706 4459 847 4529 ereptione
859 4464 1003 4528 captorum
1022 4458 1194 4528 compatiens
1205 4457 1291 4528 suspi-

50 4626 108 4667 -²
119 4626 281 4695 hujuscendi
294 4628 318 4681 9.
332 4655 362 4666 ·-
375 4627 387 4660 ⁸
398 4643 449 4681 om.
460 4627 491 4688 a;
503 4627 568 4680 odd.
581 4628 612 4679 in
623 4643 711 4692 marg.
727 4642 824 4680 ocorr.
835 4627 859 4679 1.

85 4709 157 4764 Nun.
169 4712 193 4764 5.
204 4742 237 4751 —
250 4711 260 4743 ¹
272 4708 553 4779 (prestiteritfacult)
565 4707 649 4778 pretis
664 4709 688 4762 Ξ.
702 4736 732 4746 -
744 4707 866 4761 ”libratu
877 4706 902 4761 b.
915 4737 945 4745 —
958 4705 970 4741 ⁸
982 4705 1109 4775 implevit
1120 4705 1144 4760 b
1157 4731 1190 4744 -
1201 4703 1289 4758 ‘dum

50 4793 100 4848 nb
112 4795 159 4846 sed
166 4801 227 4861 post
235 4809 306 4847 corr.
