3270 5400
216 356 285 429 188
547 376 673 428 carun.
700 377 805 431 cono.
830 375 1110 428 numosnarmc.

212 567 581 633 niam,r'1²ariam,llisaliel,
593 570 641 635 qui
652 569 775 620 liberasti
787 532 945 620 Danilrelern
957 568 989 618 de
1004 582 1051 619 ore
1064 569 1171 619 teanum
1181 574 1206 619 et
1214 568 1331 620 salvasti
1339 567 1379 621 Mt

212 667 245 718 de
256 684 340 719 aranu
357 667 521 731 Pharaonis,
533 668 581 734 qui
601 667 705 719 Tectam
724 667 755 719 de
773 668 833 731 ipne
850 673 873 718 et
890 666 981 718 bestiis
998 666 1128 730 liberasti,
1146 667 1196 734 qui
1210 666 1308 718 Jesum
1325 666 1379 719 dite

212 766 291 812 tuum
302 762 340 813 ad
350 762 524 814 salvationem
534 763 692 813 animarum
704 769 862 814 riostramem
874 763 982 825 misisti,
988 778 1040 828 per
1048 778 1125 829 quem
1138 761 1215 814 nobis
1225 763 1338 815 donasti
1346 779 1379 815 on

210 861 308 925 aratis
320 861 482 926 laraitatem
489 877 542 927 per
551 863 640 928 ipsum
651 861 797 913 Dominum
809 867 930 912 erostrmn
941 860 1036 912 Jeaurn
1048 861 1193 922 tirristum,
1202 864 1253 928 qni
1262 863 1291 913 in
1301 869 1379 914 utera

211 960 287 1025 pinis
295 961 433 1023 immotus
442 975 541 1026 empus
552 960 644 1012 induit
655 959 812 1023 liumarmm,
818 975 870 1025 per
882 960 953 1026 quod
965 959 1102 1011 diabolum
1119 960 1309 1027 triumpharit,
1322 968 1352 1012 ut
1371 979 1379 1012 e

212 1059 243 1109 in
259 1073 287 1110 ae
298 1058 466 1110 credentibus
481 1058 601 1121 donaret,
618 1059 666 1124 qni
677 1058 766 1110 lumen
778 1059 851 1109 oriri
865 1035 962 1121 fecisti,
974 1059 1117 1110 extendens
1132 1059 1227 1110 calum
1239 1065 1268 1111 ut
1281 1060 1379 1125 pettam

213 1157 365 1208 numerasti
379 1156 470 1207 stellas
482 1155 541 1207 eati
556 1162 579 1207 et
595 1171 708 1207 arenam
723 1156 819 1220 maris,
837 1157 885 1221 qui
900 1157 931 1206 in
942 1157 1039 1207 uirtute
1050 1162 1098 1207 tua
1110 1162 1206 1208 cuneta
1218 1158 1336 1219 ornasti,
1349 1174 1379 1208 ea

213 1268 320 1305 serrum
336 1261 413 1305 tuum
426 1259 449 1305 et
461 1254 529 1305 sotce
540 1254 646 1305 aculeos
658 1252 768 1316 diaboti,
785 1254 834 1320 qui
844 1270 872 1305 es
888 1254 1049 1316 dominator,
1060 1253 1174 1306 Domine
1189 1256 1371 1322 omnipotens.

117 1393 132 1428 ’.
214 1355 355 1403 summata
365 1354 458 1403 autem
471 1351 523 1403 hac
536 1350 668 1412 oratione,
680 1349 865 1417 urgentibus*
883 1348 1015 1402 ministris
1032 1349 1143 1414 diaboli,
1154 1355 1265 1404 sauctus
1278 1351 1329 1405 Dei
1349 1368 1377 1405 m

179 1459 184 1472 ·
215 1448 323 1517 signum
335 1449 431 1502 salutis
440 1448 469 1502 in
480 1455 545 1502 ante
557 1454 585 1502 et
596 1453 668 1502 retro
682 1447 784 1501 iaciens
793 1452 819 1501 et
828 1448 967 1501 sinistram
978 1464 1092 1502 manum
1104 1454 1166 1518 post
1178 1454 1295 1517 tergum,
1308 1450 1379 1504 dext

213 1551 307 1599 autem
325 1547 354 1600 in
371 1552 435 1600 ante
453 1545 563 1609 iaciens,
575 1546 712 1615 ingressus
722 1549 764 1598 est
776 1530 802 1599 in
815 1546 954 1599 caminum
973 1546 1049 1614 ignis.
1067 1547 1101 1600 Et
1117 1562 1180 1600 ecce
1198 1546 1253 1600 duo
1266 1548 1379 1617 angelii

213 1645 319 1705 aientes
329 1651 475 1699 tenuerunt
487 1661 559 1699 unus
572 1645 714 1698 dexteram
731 1649 759 1697 et
774 1660 844 1697 unus
859 1643 998 1697 sinistram
1015 1660 1114 1698 manus
1129 1645 1196 1713 ejus,
1206 1650 1234 1698 et
1250 1647 1379 1701 condesci

212 1749 276 1798 runt
287 1761 349 1797 cum
362 1760 396 1797 eo
409 1744 437 1798 in
450 1745 549 1813 ignem.
562 1745 596 1797 Et
608 1760 671 1798 ecce
680 1744 797 1796 thronus
808 1744 837 1797 in
848 1742 941 1796 medio
954 1743 1059 1812 positus
1075 1750 1142 1798 erat.
1158 1744 1256 1798 Statim
1270 1751 1303 1799 ut
1315 1746 1378 1814 ingr

213 1849 255 1898 est
265 1849 376 1898 sanctus
390 1843 439 1896 Dei
448 1848 552 1911 martyr
563 1843 691 1906 Marinus,
703 1842 921 1911 circumsignans
932 1859 969 1906 se,
982 1859 1048 1897 mox
1060 1844 1195 1898 emarcuit
1206 1845 1299 1898 omnis
1312 1846 1360 1899 ille
1372 1863 1379 1899 i

215 1949 243 1997 et
258 1944 341 1997 ardor
358 1943 460 1997 camini
478 1943 604 2007 evanuit,
623 1948 651 1996 et
670 1946 730 1995 erat
749 1946 859 1995 sanctus
877 1941 976 1994 sedens
994 1942 1022 1995 in
1042 1943 1135 1996 medio
1154 1943 1273 2009 camino,
1296 1946 1379 2013 glorii

215 2044 363 2098 Dominum
383 2051 508 2099 nostrum
525 2046 618 2099 lesum
638 2045 777 2099 Christum
796 2050 824 2098 et
841 2045 955 2099 dicans:
973 2047 1083 2111 Lauda,
1101 2049 1196 2099 anima
1214 2065 1273 2100 inea
1288 2050 1379 2102 Domir

214 2146 333 2198 laudabo
341 2144 490 2198 Dominam
504 2147 533 2196 in
548 2147 603 2197 cita
614 2162 681 2198 risco.
693 2146 855 2198 Laudamus
867 2152 898 2209 te,
907 2145 1096 2209 benedicimus,
1106 2147 1265 2209 adoramus,
1276 2151 1379 2211 pratia:

216 2260 276 2296 mus
284 2245 453 2312 tilripropter
464 2263 591 2313 maantam
597 2248 716 2312 ploriam
727 2253 810 2306 tuam,
819 2246 886 2298 Jesn
901 2246 1017 2308 Christe,
1029 2247 1166 2311 unipenite
1176 2245 1258 2297 Deus.

260 2342 315 2400 13.
335 2342 465 2410 Sequenti
483 2347 575 2396 autem
596 2343 640 2397 die
653 2343 734 2409 J'ussit
751 2344 899 2412 imperator
911 2343 1016 2410 aperire
1035 2342 1181 2404 caminum,
1194 2347 1225 2394 ut
1237 2341 1345 2396 videret
1356 2343 1379 2396 si

215 2446 395 2508 consumptus
404 2441 520 2493 essetab
532 2440 602 2509 igne,
615 2445 644 2493 ut
661 2440 801 2509 pulverem
811 2439 859 2507 qui
871 2456 904 2492 ex
923 2439 982 2507 ejus
998 2455 1112 2507 corpore
1127 2438 1231 2503 inisset,
1244 2439 1379 2509 disperget

215 2543 308 2601 vento,
320 2537 413 2591 licens
432 2557 438 2591 :
457 2540 497 2591 Ne
514 2540 665 2606 quandoid
681 2541 731 2607 qui
747 2541 879 2591 dicuntur
896 2539 1043 2591 christiani
1053 2540 1173 2592 tollentes
1185 2540 1327 2606 pulverem
1339 2542 1379 2605 ep'u

215 2640 373 2690 anemurium
389 2639 568 2702 recondentes,
580 2639 668 2690 colant
681 2639 720 2690 cet
736 2638 912 2702 honorificent
929 2654 998 2690 esini.
1011 2637 1135 2705 Cumque
1147 2637 1266 2690 ministri
1280 2639 1376 2706 aperui

216 2734 354 2790 caminum
365 2741 392 2789 et
403 2736 493 2790 omnis
503 2736 572 2804 ignis
581 2740 760 2804 consumptus
773 2736 876 2799 luisset,
886 2751 942 2789 non
952 2735 1126 2789 sustinebant
1138 2736 1258 2789 calorem
1272 2736 1320 2805 qui
1333 2754 1379 2806 egr

217 2835 298 2890 batur
307 2835 341 2889 de
351 2837 470 2889 fornace.
481 2836 598 2889 Sanctus
609 2841 702 2889 autem
715 2835 835 2888 Marinus
847 2851 910 2888 nior
923 2834 1065 2903 egrediens
1083 2834 1116 2888 de
1128 2835 1247 2898 camino,
1260 2835 1345 2890 dixit:
1361 2839 1379 2903 Q

215 2938 357 2989 lavacrum
369 2937 439 2988 rnale
447 2937 631 3001 succendistis,
643 2944 666 2988 et
674 2937 811 3001 friaidnm
820 2952 861 2987 me
873 2937 994 3001 accepit?
1002 2943 1025 2987 et
1033 2951 1099 3002 pene
1109 2942 1232 2988 mortisue
1240 2952 1303 2988 snm
1312 2955 1329 2988 a
1337 2938 1379 3003 fri

215 3033 332 3088 Ministri
344 3037 438 3087 autem
451 3033 553 3086 diaboli
566 3033 762 3102 respondentes
772 3033 900 3086 dixerunt
909 3052 916 3085 :
926 3033 1064 3099 Rapamns
1072 3042 1096 3087 te
1108 3050 1140 3086 ne
1149 3034 1202 3086 irasc
1213 3038 1361 3088 annunties
1373 3055 1379 3087 i

216 3137 315 3188 ratori.
328 3135 385 3186 Nos
401 3136 473 3186 enim
489 3136 532 3186 tui
548 3151 632 3187 causa
649 3135 761 3186 minime
778 3135 853 3198 tiana
871 3135 1037 3185 immisimus
1055 3135 1085 3185 in
1101 3134 1223 3198 fornace,
1234 3141 1259 3187 ct
1272 3136 1331 3188 ideo
1343 3143 1372 3187 ut

217 3235 341 3300 tripidns
348 3235 405 3300 fuit
413 3235 545 3285 caminus.
555 3232 671 3286 Sanctus
682 3231 803 3285 Marinus
814 3231 882 3284 dixit
894 3250 900 3283 :
914 3233 1050 3285 Dominus
1063 3233 1137 3284 Deus
1152 3233 1230 3285 soluit
1244 3236 1379 3299 capitatim

217 3335 361 3387 consilium
372 3340 497 3385 cestrum.
508 3331 573 3385 Haec
582 3337 676 3384 autem
688 3331 803 3384 audiens
815 3330 912 3383 beatus
920 3329 1049 3393 Marinus,
1062 3347 1078 3383 a
1090 3330 1223 3383 ministris
1232 3331 1336 3385 diaboli
1347 3349 1379 3386 nn

219 3431 362 3493 contusum
375 3431 423 3484 sed
432 3430 639 3484 illuminabatur
651 3430 726 3484 aDei
736 3429 831 3498 gloria.

262 3532 318 3587 14.
339 3529 407 3583 Cum
425 3544 490 3582 vero
508 3528 654 3595 perductus
671 3526 767 3580 suisset
778 3526 813 3579 ad
826 3527 1029 3594 imperatorem,
1044 3526 1083 3580 ait
1097 3527 1246 3581 Martianus
1259 3549 1265 3582 :
1278 3531 1379 3583 Iterum

218 3632 306 3684 bolum
315 3631 398 3681 intrim
407 3628 565 3680 adduxistis
577 3628 666 3679 mitri?
676 3624 795 3679 Marinus
808 3626 963 3694 respondit:
978 3626 1058 3679 Ocor
1072 3627 1238 3679 tenelnosnm
1251 3635 1275 3679 et
1290 3631 1352 3681 caci
1365 3645 1379 3681 o

218 3732 335 3782 immisit
347 3736 371 3781 te
389 3728 464 3779 Deus
481 3728 511 3778 in
523 3727 645 3779 tenebras
662 3728 816 3792 exteriores,
828 3728 894 3793 qnia
911 3726 1021 3791 impleta
1038 3731 1102 3777 sunt
1119 3728 1235 3778 conmlia
1252 3734 1302 3779 tua
1320 3744 1379 3796 usar

218 3837 337 3882 mortem
352 3828 479 3880 Cecidisti
490 3827 522 3878 de
533 3826 629 3879 throno
642 3832 707 3890 tuo;
719 3827 755 3878 ad
767 3826 885 3877 nihilum
897 3826 1023 3876 redactus
1035 3840 1069 3876 es.
1081 3824 1140 3890 Epo
1151 3826 1223 3876 enim
1240 3842 1302 3877 snm
1315 3827 1379 3878 Mar

219 3931 267 3995 qni
283 3929 339 3979 tuis
361 3926 486 3977 nomnibus
502 3925 572 3976 male
591 3926 730 3977 cruciatus
750 3940 818 3976 snm.
840 3924 901 3976 Non
921 3925 1045 3989 aanoscis
1065 3940 1113 3988 mc,
1134 3924 1365 3991 insipientissime,

219 4028 349 4079 Marinus
367 4026 466 4077 dicor?
484 4024 516 4075 Si
533 4025 599 4090 quid
618 4026 646 4074 in
664 4040 704 4075 me
721 4024 802 4076 trabes
817 4025 916 4088 facere,
932 4024 979 4088 t'ac
996 4024 1117 4076 celerina.
1133 4021 1285 4077 Martianus
1303 4023 1379 4093 impe]

218 4122 302 4176 dixit:
315 4123 368 4173 Per
376 4122 438 4173 deas
447 4137 545 4185 omnes,
558 4122 614 4172 nisi
624 4128 648 4172 te
656 4121 845 4187 disperdidero
859 4136 912 4173 non
925 4122 1067 4187 quiescam.
1079 4118 1197 4171 Sanctus
1208 4118 1331 4174 Marinus
1342 4136 1379 4173 res

219 4220 274 4273 dit:
295 4220 411 4272 Odibitis
424 4220 479 4271 Deo
499 4227 522 4271 et
539 4220 762 4285 insipientissime
779 4220 907 4282 omnium,
924 4234 978 4270 non
992 4219 1153 4285 pertimesco
1170 4220 1262 4271 minas
1278 4220 1379 4272 tuaal

219 4321 300 4386 impte
309 4334 466 4370 mensuram
472 4320 565 4383 patris
573 4319 622 4382 tui,
631 4319 681 4385 qni
688 4319 792 4369 dicitur
803 4317 929 4369 Satanas.
941 4314 1097 4383 Simplicius
1115 4317 1370 4370 commentariensis

220 4415 394 4486 imperatori:
406 4417 475 4469 Jube
484 4434 544 4470 eum
556 4418 720 4482 excruciari,
733 4424 762 4469 nt
772 4432 825 4469 non
834 4418 888 4468 ista
897 4417 1034 4482 loquatur.

264 4514 321 4570 15.
339 4515 454 4568 Sanctus
466 4514 585 4568 Marinus
595 4515 653 4567 haec
664 4512 787 4575 audiens,
796 4512 930 4566 simulans
939 4528 968 4564 sc
977 4511 1150 4580 acquiescere
1163 4511 1298 4581 imperiali
1308 4530 1379 4582 praa

221 4613 318 4666 cecidit
334 4614 368 4666 ad
387 4616 471 4681 pedes
488 4616 548 4682 ejus
560 4620 587 4668 et
605 4615 644 4668 ait
661 4634 667 4667 ε
686 4615 855 4667 Perterritus
866 4630 928 4666 sum
945 4613 1019 4665 ratde
1034 4629 1117 4678 super
1128 4613 1172 4665 iris
1184 4617 1379 4668 comminationi

28 4712 94 4833 {diet
102 4711 173 4832 pam)
221 4712 329 4778 etjam*
338 4721 459 4781 paratus
467 4731 526 4767 siim
539 4717 703 4780 sacrificare.
714 4712 836 4766 Audiens
845 4713 903 4765 haec
915 4710 1065 4765 Martianus
1077 4710 1235 4779 imperator,
1244 4730 1327 4783 supra
1338 4730 1379 4767 nro

16 4795 31 4832 c
66 4793 177 4833 ‚eram
