3270 5400
348 387 444 439 3131..
460 388 544 443 Ruti.
561 389 736 443 BRUXELL.
756 412 803 422 -
821 391 971 447 APPEND.
989 393 1036 445 AD
1054 393 1135 447 COD.
1152 383 1192 444 N⁰
1208 392 1333 446 asoa-ts,
1414 374 1459 446 91

221 580 274 644 qui
289 594 319 631 se
335 580 440 645 jecore
462 598 517 634 non
535 584 627 650 potuit
644 600 691 636 nec
707 583 758 636 tibi
780 585 915 650 prodesse.
933 583 1048 651 Propter
1072 586 1144 652 qaod
1164 587 1282 650 consido,
1299 586 1416 652 Loeore,
1434 594 1463 640 ut

221 677 361 742 eooeiticee
377 679 434 731 diis
451 682 561 733 nostrie.
578 679 628 734 Cui
648 680 785 735 Lazarus:
803 682 855 734 Illi
872 683 997 747 sacrifico
1014 685 1063 749 qul
1079 699 1120 735 me
1136 700 1154 735 o
1171 686 1287 736 mortuis
1302 686 1444 737 suscitavit
1452 704 1464 751 ,·

220 775 281 828 diis
297 783 387 829 autem
404 779 462 831 tuis
478 795 533 831 non
549 780 681 845 sacrifico,
698 781 765 847 quio
783 787 846 833 aurit
863 797 945 847 opero
958 797 1091 833 manuum
1106 782 1255 835 bominem.
1268 781 1317 835 Cui
1329 781 1463 837 Fesinus:

221 873 290 927 Nisi
299 876 507 941 sacrificaveris,
519 894 569 944 per
577 894 675 944 penos
690 880 872 944 pravissimos
883 880 1030 932 secundom
1042 887 1153 934 mortem
1165 880 1325 934 horribilem
1336 883 1387 934 tibi
1394 883 1464 936 dolo

185 976 203 1025 t
219 979 246 1024 et
256 973 331 1025 diris
339 975 486 1041 suppliciis
496 977 671 1029 consumeris.
684 976 716 1028 Si
733 984 821 1029 eutem
839 978 1046 1042 sacrificaveris,
1062 994 1174 1044 mopnos
1190 979 1305 1032 honores
1322 997 1339 1031 o
1360 980 1464 1034 Cerere

220 1074 404 1139 conveneris.
414 1072 469 1126 Sed
480 1073 578 1129 beatus
596 1073 715 1128 Lazarus
732 1073 792 1128 haec
809 1075 903 1128 omnia
922 1080 1109 1141 contemnens,
1125 1077 1205 1143 jussu
1217 1076 1308 1130 Fesini
1327 1079 1356 1131 in
1373 1094 1462 1131 carce·

220 1185 283 1224 rem
295 1170 399 1224 missus
416 1178 466 1225 est.

265 1267 326 1326 1³.
350 1269 417 1322 Post
424 1271 484 1323 haec
496 1270 611 1325 Fesinus
619 1271 721 1325 milites
734 1270 793 1325 illos
803 1271 850 1340 qui
859 1272 894 1325 ad
904 1272 1017 1326 beatum
1028 1272 1161 1325 Lazarum
1171 1272 1246 1326 missi
1256 1272 1365 1325 fuerant
1374 1272 1462 1341 primo

218 1373 250 1422 et
261 1369 395 1431 seeundo,
407 1366 517 1437 cognito
529 1368 604 1437 quod
613 1368 641 1421 in
654 1368 793 1422 Christum
806 1368 956 1432 crederent,
969 1367 1056 1421 occidi
1070 1367 1142 1431 iecit,
1155 1369 1292 1436 capitibus
1303 1367 1461 1436 amputatis.

177 1470 202 1520 10
219 1466 291 1521 Post
308 1466 504 1527 baec.consilio
521 1466 672 1520 Theodatae
689 1467 833 1535 cujusdam
851 1466 977 1529 malefici,
995 1465 1183 1520 introductae*
1201 1472 1266 1520 sunt
1277 1467 1313 1520 ad
1324 1484 1388 1520 eum
1401 1467 1462 1521 dua
1510 1541 1516 1551 ·
1619 1514 1627 1529 ,

218 1564 378 1634 juvencula
398 1567 539 1634 speciosae,
555 1572 586 1620 ut
612 1566 672 1633 ejus
697 1566 822 1619 animum
850 1565 1005 1619 emollirent
1024 1566 1059 1619 ad
1076 1566 1211 1620 sacrificia
1232 1566 1378 1620 idolorum.
1395 1566 1462 1632 Quae

223 1664 353 1719 ridentes
373 1664 485 1718 beatum
506 1664 639 1718 Lazarum
656 1665 686 1718 in
705 1665 832 1719 oratione
851 1669 979 1727 stantem,
1003 1681 1053 1718 nec
1071 1669 1183 1733 propter
1200 1665 1285 1718 verba
1303 1681 1398 1718 earum
1412 1681 1463 1718 nec

222 1769 340 1834 propter
349 1763 449 1817 solatia
456 1763 486 1816 in
495 1763 589 1831 atiquo
598 1758 628 1817 s'e
639 1768 806 1825 moventem,
818 1766 1005 1832 stupescentes
1014 1767 1042 1816 et
1052 1762 1204 1816 inextasim
1215 1765 1310 1831 positae
1322 1763 1351 1816 in
1360 1769 1462 1817 terram

223 1863 354 1932 protinus
366 1867 536 1916 corruerunt.
548 1863 615 1929 Quae
633 1862 667 1915 ad
683 1863 790 1929 jussum
809 1862 868 1929 ejus
884 1866 1035 1930 surgentes,
1052 1861 1091 1915 sic
1110 1862 1150 1915 eis
1167 1861 1326 1930 predicavit
1342 1863 1417 1930 quod
1434 1864 1463 1917 in

177 1964 206 2013 tt
223 1961 368 2015 Christum
379 1960 537 2015 firmissime
556 1960 738 2014 crediderunt.
756 1960 817 2027 Quo
834 1959 949 2013 Fesinus
966 1976 1013 2013 eas
1030 1960 1064 2013 ad
1083 1976 1112 2013 se
1130 1966 1244 2014 vocatas
1260 1966 1324 2014 ante
1342 1978 1371 2014 se
1389 1967 1463 2016 stare

223 2059 300 2113 iecit.
312 2058 418 2126 Quibus
433 2058 503 2113 dixit
518 2060 558 2113 :O
572 2062 719 2126 porrisere
735 2061 880 2125 vilissime,
898 2076 983 2127 oreore
1000 2076 1119 2112 (intorem
1136 2076 1223 2112 cneum
1241 2063 1396 2114 retrusistis?
1408 2063 1461 2114 Per

222 2168 309 2227 ccupat
328 2160 443 2213 Cesar-is
460 2167 484 2213 et
497 2176 551 2229 per
567 2177 663 2226 meum,
680 2162 738 2212 crisi
753 2162 846 2212 statim
863 2161 1091 2225 sacrificaveritis,
1110 2161 1183 2212 diris
1200 2162 1344 2228 suppliciis
1360 2163 1461 2228 peribi-

225 2262 270 2313 tis.
282 2257 351 2325 Quae
363 2258 504 2313 dixerunt:
517 2260 579 2312 Tibi
589 2261 714 2313 resistere
723 2276 776 2312 non
783 2276 928 2328 possumus
935 2277 946 2322 ,·
954 2260 1001 2311 sed
1010 2276 1043 2311 ee
1051 2275 1103 2326 quo
1116 2261 1155 2311 oie
1166 2267 1194 2311 ut
1202 2261 1463 2325 sacrificemas‚jube

225 2358 315 2409 serris
324 2359 380 2409 tuis
391 2364 420 2409 ut
430 2373 523 2409 omnes
529 2359 626 2424 platee
640 2358 764 2410 Moratur
772 2358 918 2424 olitoribus
927 2375 959 2409 oc
969 2357 1060 2409 lierbie
1075 2359 1224 2422 odoriferis
1237 2366 1427 2424 asperationem
1440 2368 1463 2412 et

180 2454 213 2505 tt
229 2456 321 2505 omnia
338 2456 411 2507 idolo
425 2463 628 2521 conprepentue
647 2455 732 2507 Erant
743 2459 836 2507 autem
849 2458 915 2507 tunc
926 2452 954 2506 in
967 2453 1078 2506 civitate
1089 2453 1214 2507 Marsilire
1226 2454 1280 2507 duo
1294 2454 1367 2508 idola
1379 2475 1384 2508 :
1395 2472 1463 2524 quo·

231 2566 292 2604 rum
303 2567 386 2605 unum
400 2556 460 2606 erat
472 2552 500 2606 in
512 2552 574 2606 loco
587 2552 741 2622 propinquo
759 2551 861 2605 carceri
872 2552 946 2606 beati
958 2552 1066 2615 Lazari;
1079 2552 1196 2606 alterum
1209 2552 1237 2605 in
1249 2558 1374 2606 extrema
1386 2560 1462 2622 parte

234 2648 308 2715 juxta
331 2667 413 2715 mare,
439 2667 537 2705 versus
557 2651 664 2720 plagam
683 2650 881 2719 aquilonarem
897 2650 938 2703 Ad
957 2649 1011 2702 boc
1029 2650 1158 2704 ultimum
1178 2650 1280 2705 idolum
1301 2652 1465 2718 juvenculas

238 2747 407 2812 deduxerunt,
418 2757 449 2802 ut
461 2749 486 2802 ei
504 2749 695 2802 sacrificarent.
714 2748 780 2815 Quae
793 2747 958 2816 accipientes
970 2764 1052 2801 zonas
1069 2747 1270 2817 pulcherrimas
1288 2766 1357 2818 quas
1374 2756 1465 2819 porta·

243 2843 311 2909 bant,
330 2848 363 2901 ad
381 2848 483 2902 collum
506 2847 573 2901 idoli
593 2847 673 2916 quasi
691 2862 724 2900 ex
743 2847 890 2900 devotione
909 2852 1067 2914 posuerunt,
1082 2853 1109 2900 et
1132 2848 1273 2901 trahentes
1291 2849 1397 2902 idolum
1415 2866 1464 2918 per

207 2941 235 2992 u
248 2942 335 2997 coitum
344 2946 372 2999 in
382 2946 503 3015 cinerem
516 2952 584 3000 nutu
595 2946 688 3000 divino
700 2946 871 3014 redegerunt.
881 2945 958 2999 Tunc
967 2945 1036 2999 dixit
1047 2945 1160 2998 Fesinus
1173 2946 1246 2999 suis:
1257 2948 1465 3015 Surpiteomnes

254 3048 422 3099 dexoeurrite.
430 3047 469 3099 Et
481 3054 569 3099 cocote
580 3047 716 3114 lapicidas
725 3054 749 3099 et
760 3047 896 3112 aurifices,
907 3053 935 3098 ut
949 3046 1024 3099 nobis
1032 3046 1167 3111 fabricent
1178 3064 1263 3098 arrum
1273 3049 1359 3099 alitem
1377 3050 1465 3113 decem,

257 3142 540 3205 eusebianam
554 3146 673 3197 totaliter
690 3151 727 3198 est
744 3152 927 3210 consumptus.
945 3144 979 3196 Et
995 3143 1110 3197 Fesinus
1128 3143 1221 3197 furore
1240 3144 1361 3213 repletus
1379 3161 1463 3198 unam

261 3236 349 3294 &arum
359 3242 439 3311 ligato
452 3243 487 3296 ad
499 3243 583 3312 pedes
595 3243 654 3310 ejus
663 3259 763 3311 magno
772 3258 840 3295 saxo
850 3242 877 3295 in
890 3258 966 3295 mare
979 3242 1141 3311 praecipitari
1152 3243 1241 3310 jussit,
1250 3243 1366 3296 alteram
1375 3243 1465 3312 capite

177 3402 179 3409 Α
265 3331 397 3394 dannan.

231 3426 254 3479 ll
297 3435 339 3491 14.
359 3438 413 3492 Hoc
424 3437 507 3508 igitur
519 3438 600 3501 iacto,
612 3437 709 3491 beatus
718 3437 836 3490 Lazarus
845 3435 943 3489 Fesino
957 3440 1143 3503 praesentatur.
1153 3435 1206 3502 Qui
1214 3435 1297 3502 jussit
1306 3452 1368 3490 eum
1379 3436 1463 3504 pecti·

267 3527 325 3584 uibus
334 3534 417 3589 terreis
426 3534 545 3604 discerpi
556 3535 571 3566 *
583 3539 611 3588 et
622 3534 736 3587 loricam
748 3533 856 3602 igneam
868 3533 903 3586 ad
915 3549 1025 3585 earnem
1038 3532 1141 3585 nudam
1155 3533 1228 3600 poni.
1242 3531 1346 3584 Deinde
1359 3538 1462 3586 cratem

191 3692 195 3697 ,
270 3624 354 3686 teneam
363 3634 419 3688 fleri
429 3634 494 3688 iecit
505 3639 534 3688 et
545 3634 658 3687 beatum
676 3633 809 3687 Lazarum
828 3632 929 3685 ibidem
943 3631 1019 3700 ligari
1032 3636 1059 3684 et
1071 3630 1189 3693 extendi,
1200 3636 1227 3685 et
1239 3631 1374 3703 carbones
1386 3632 1465 3684 vivos

270 3725 339 3783 subtus
351 3733 473 3787 succendi
484 3749 548 3787 cum
566 3733 625 3802 pice
643 3733 789 3786 admixtos.
801 3732 855 3785 Sed
871 3732 931 3785 brec
943 3730 1036 3785 omnia
1053 3730 1092 3783 sic
1105 3730 1215 3783 fuerunt
1227 3730 1378 3798 frigefacta,
1390 3730 1464 3798 quod

271 3820 341 3882 battus
354 3831 463 3886 Lazarus
475 3831 555 3901 quasi
575 3833 610 3885 de
630 3831 729 3885 balneo
748 3830 871 3885 salvifico
893 3830 994 3883 ill-cesus
1011 3829 1103 3882 exivit.
1121 3827 1225 3881 Deinde
1241 3828 1323 3894 jussit
1340 3827 1417 3881 illum
1436 3828 1465 3882 in

239 3913 341 3992 &ampo
350 3931 378 3984 ad
389 3931 510 4000 stipitem
519 3929 597 4000 ligari
609 3935 662 3983 eta
673 3929 810 3983 sexcentis
818 3928 952 3982 militibus
964 3927 1094 3996 sagittari.
1106 3925 1216 3995 Sagitta·
1228 3943 1294 3979 vero
1307 3926 1466 3980 admodum

273 4019 356 4080 cuiun
369 4028 497 4083 autemut
507 4045 557 4099 per
568 4044 669 4092 aerem,
687 4033 714 4081 et
726 4044 777 4080 nec
789 4027 824 4081 ad
841 4026 932 4095 ipsum
950 4026 1043 4094 aliqua
1061 4024 1216 4078 declinavit
1235 4024 1307 4076 Dum
1326 4040 1389 4092 ergo
1407 4024 1466 4077 haec

273 4130 388 4191 aereum,
400 4145 453 4183 una
465 4129 500 4182 de
517 4127 623 4198 sagittis
639 4127 732 4182 subito
744 4126 874 4180 Fesinum
892 4127 921 4181 in
939 4123 1020 4178 oculo
1039 4123 1171 4191 percussit
1189 4128 1216 4176 et
1233 4123 1323 4191 ipsum
1341 4123 1467 4190 protinus

273 4227 387 4281 exeant.
396 4228 444 4282 Cui
454 4227 524 4281 dixit
532 4229 631 4281 beatus
639 4227 774 4281 Lazarus:
786 4227 915 4280 Crastina
925 4227 968 4277 die
977 4227 1009 4276 dr
1018 4225 1151 4289 sarrpttiue
1160 4238 1216 4274 oreo
1226 4224 1333 4274 oculum
1344 4225 1467 4288 increpes,

273 4319 415 4380 deturbatae
424 4330 546 4396 accipies.
557 4326 682 4381 Crastina
694 4342 759 4394 ergo
769 4325 821 4388 die,
830 4326 864 4378 de
871 4324 948 4391 jussu
959 4322 1048 4376 Fesini
1059 4321 1092 4373 ad
1104 4320 1294 4373 decollandum
1307 4319 1428 4381 ducitur;
1439 4325 1467 4373 et

239 4404 437 4480 “montione
444 4442 493 4494 pro
503 4431 562 4480 tota
571 4425 682 4479 civitate
691 4423 824 4488 Marsiliae,
834 4422 922 4491 capite
932 4422 1117 4474 detruncatur.
1128 4419 1244 4472 Fesinus
1257 4424 1348 4472 autem
1360 4418 1394 4471 de
1406 4434 1466 4471 san·

272 4512 330 4578 ruine
344 4524 394 4592 ejus
409 4544 505 4595 parum
524 4525 662 4595 accipiens
680 4531 706 4580 et
726 4525 836 4579 oculum
855 4528 1022 4576 excecatum
1042 4522 1185 4589 inungens
1201 4519 1288 4572 dixit:
1310 4521 1343 4571 lu
1361 4521 1468 4571 nomine

274 4610 380 4677 batere
389 4629 475 4680 amicti
485 4628 595 4680 Lazari
604 4629 705 4693 inarrpo
714 4627 841 4688 ocrrlum,·
852 4628 880 4676 et
889 4622 982 4675 statim
994 4620 1083 4672 risum
1096 4618 1206 4687 recepit.
1218 4617 1295 4670 Tunc
1313 4616 1427 4669 Fesinus
1439 4615 1467 4669 in

273 4706 378 4774 tumim
388 4724 513 4785 credidit;
526 4730 555 4778 et
566 4739 664 4778 omncs
681 4722 805 4777 infideles
822 4725 960 4791 quotquot
971 4721 999 4773 in
1016 4720 1129 4772 civitate
1141 4717 1266 4773 Marsiliae
1278 4722 1342 4769 sunt
1355 4715 1467 4778 inventi,
