3270 5400
310 334 383 407 074
645 358 771 410 curan.
797 358 900 411 coen.
926 360 1204 415 auerocnnrmc.

310 548 398 617 sagaci
411 552 504 603 mente
522 548 683 613 recolamus,
696 551 742 618 qui
756 566 869 604 munere
881 552 998 619 gratuito
1011 551 1113 606 electus
1125 571 1141 607 a
1154 554 1271 608 Domino
1289 555 1318 609 in
1331 555 1431 610 timore
1442 561 1537 610 sancto

310 648 348 703 illi
358 648 461 702 servire
472 649 584 711 studuit,
596 653 679 718 atque
685 649 743 718 jugi
755 650 855 704 divinae
867 651 934 719 legis
946 651 1103 715 instructus,
1116 653 1144 707 in
1156 654 1262 715 militia,
1274 671 1358 724 quarn
1371 660 1538 725 spontaneus

310 752 502 816 assumpserat,
519 749 608 803 fidelis
625 750 773 803 admodum
786 750 911 819 perstitit,
923 751 1040 820 ideoque
1053 753 1165 821 promia
1182 755 1283 808 sanctis
1301 756 1432 810 omnibus
1448 772 1539 825 repro·

310 846 394 900 missa
405 847 545 916 percipere
553 847 649 917 dignus
659 848 717 902 luit.
727 849 889 918 Evangelica
897 855 990 904 narrat
1001 851 1082 904 lectio
1091 851 1198 906 cuidam
1206 853 1300 921 juveni
1313 854 1419 909 aditum
1432 860 1540 909 aeternae

309 945 372 1000 ritae
384 947 550 1015 perquirenti
561 947 654 1001 lesum
666 948 762 1002 salutis
774 954 873 1002 nostroe
883 955 1021 1004 auctorem
1033 954 1060 1004 et
1071 951 1214 1005 dominum
1225 953 1262 1005 ita
1271 953 1422 1008 reddidisse
1433 959 1541 1009 senten·
1555 957 1571 1007 0

309 1045 376 1099 tiam
388 1044 430 1099 sui
439 1047 562 1099 mandati
574 1066 580 1100 ε
595 1048 605 1072 “
619 1047 706 1111 Siris,
719 1048 852 1116 inquiens,
866 1050 1002 1118 perfectus
1013 1067 1081 1114 esse,
1093 1051 1171 1113 rade,
1181 1052 1268 1106 vende
1277 1052 1372 1106 omnia
1383 1070 1445 1121 quae
1453 1053 1541 1108 habes

310 1149 337 1198 et
348 1144 384 1197 da
395 1144 567 1213 pauperibus.
579 1152 607 1200 et
615 1146 730 1200 habebis
742 1148 902 1202 thesaurum
916 1149 943 1202 in
956 1149 1031 1211 calo,
1042 1154 1069 1203 et
1084 1150 1153 1211 veni,
1163 1167 1277 1219 sequere
1286 1168 1340 1205 me.
1353 1194 1364 1217 ,
1377 1152 1463 1220 Cujus
1476 1170 1541 1223 prae·

309 1243 405 1312 cepti...
417 1244 426 1307 (
433 1245 498 1298 l'r‘rle
510 1245 569 1299 Act.
578 1246 631 1309 SS,
643 1255 703 1300 torn.
711 1250 730 1300 l
739 1250 817 1315 Aue,
827 1268 853 1316 p.
864 1254 904 1313 73,
915 1267 987 1302 rrum.
1001 1252 1051 1311 16).

352 1345 384 1402 2.
409 1345 461 1399 Ubi
480 1351 542 1414 post
553 1346 702 1415 legitimam
715 1347 863 1400 functionis
880 1364 936 1400 sure
954 1348 1220 1402 administrationem
1238 1365 1254 1402 a
1271 1349 1394 1404 Domino
1405 1351 1542 1421 principes

309 1444 493 1512 quommdam
505 1443 644 1497 constituti
656 1444 755 1511 gaudio
768 1444 887 1512 gaudent
896 1460 945 1511 pro
954 1445 1025 1497 stola
1035 1445 1247 1498 immortalitatis
1256 1462 1312 1499 suae
1324 1447 1433 1516 adeptae
1442 1453 1470 1501 et
1479 1453 1542 1502 ante
1559 1451 1587 1501 td

309 1546 484 1611 conspectum
497 1547 604 1595 retemm
616 1541 767 1608 majestatis
787 1544 798 1566 ‘¹
813 1541 901 1594 Amen
915 1584 925 1604 ,
946 1547 1075 1596 canentes
1091 1543 1272 1608 dulcisonum,
1283 1544 1373 1612 ipsum
1392 1546 1542 1601 Dominum

308 1640 396 1695 Deum
409 1639 552 1694 submissis
564 1640 684 1694 vultibus
696 1641 812 1693 adorant
824 1640 851 1693 in
863 1646 1038 1708 perpetuum.

350 1738 384 1795 8.
409 1739 550 1793 Amandus
562 1738 654 1806 itaque
665 1739 807 1791 consessor
818 1743 846 1791 et
856 1739 999 1807 episcopus
1011 1756 1027 1792 a
1039 1739 1119 1794 beato
1132 1741 1212 1794 Petro
1226 1741 1254 1794 in
1266 1741 1327 1795 risu
1341 1743 1380 1796 ad
1394 1744 1543 1811 praedican-

309 1837 373 1892 dum
387 1842 535 1906 permotus,
544 1835 693 1888 comitante
706 1851 735 1887 se
746 1836 833 1902 gratia
845 1835 903 1887 Dei,
912 1834 940 1887 in
950 1835 1032 1903 signis
1047 1841 1074 1889 et
1082 1837 1220 1889 miraculis
1229 1837 1350 1897 emicuit,
1363 1838 1540 1908 caritatisque

308 1936 423 2006 geminae
432 1935 523 1988 calore
534 1950 680 1987 succensus
692 1932 725 1985 nd
737 1938 831 2001 gentes
842 1933 932 1986 varias
944 1933 1098 2002 cognitione
1111 1934 1178 2002 legis
1190 1934 1289 1988 divinae
1302 1935 1478 1999 imbuendas,
1490 1938 1541 1991 sci·
1558 1945 1587 1994 tt

308 2035 371 2089 licet
379 2035 478 2098 Gallos,
487 2034 599 2087 Sclavos
610 2038 692 2102 atque
710 2032 854 2095 Vascones
866 2031 949 2085 simul
960 2038 987 2085 et
997 2032 1032 2085 ad
1044 2032 1110 2085 alias
1128 2032 1257 2086 nationes
1268 2035 1436 2101 properavit,
1455 2039 1486 2088 ut
1497 2052 1543 2089 eas

307 2133 395 2188 tidelis
403 2134 575 2203 dispensator
584 2132 749 2201 baptismate
763 2131 912 2193 innovaret,
922 2136 949 2184 et
957 2132 1148 2186 benedictione
1160 2139 1341 2187 consecraret
1351 2134 1431 2189 Unde
1438 2135 1542 2189 iactum

308 2236 356 2297 esl,
365 2237 396 2286 ut
404 2232 483 2287 multi
492 2233 646 2300 postposito
659 2231 752 2285 mundi
763 2246 858 2283 amore
870 2235 898 2284 et
906 2230 1099 2284 abrenuntiata
1108 2231 1212 2285 diaboli
1224 2248 1335 2300 pompa,
1345 2233 1434 2287 sancti
1443 2233 1543 2303 baptis·

308 2331 389 2386 matis
401 2331 476 2385 unda
485 2331 586 2401 pertusi
596 2331 713 2384 Domino
726 2329 842 2383 fideliter·
851 2329 1032 2383 deservirent.

350 2428 385 2485 4.
408 2429 526 2497 Quidam
535 2432 627 2482 autem
639 2426 750 2495 speciali
763 2427 849 2495 gratia
862 2426 927 2480 doni
937 2426 1052 2480 caelestis
1063 2427 1172 2481 attracti
1185 2426 1209 2481 ei
1227 2427 1391 2483 familiarius
1400 2429 1543 2484 adhaeren·
1557 2436 1588 2487 tt

311 2532 359 2593 tes,
371 2528 537 2582 relutllaria
548 2542 627 2580 secus
636 2525 719 2594 pedes
731 2525 840 2578 Domini
852 2524 981 2587 sedendo,
991 2524 1106 2578 verbum
1118 2541 1151 2577 ex
1164 2541 1211 2578 ore
1224 2524 1297 2579 illius
1308 2526 1444 2580 attentius
1451 2527 1543 2581 audie·

219 2664 226 2677 .
310 2627 385 2690 bant
394 2642 501 2680 necnon
512 2624 705 2694 predicatione
718 2628 745 2677 et
756 2623 889 2692 exemplis
899 2623 970 2677 illius
979 2624 1095 2677 animati
1103 2624 1215 2692 justitire
1222 2625 1321 2678 merito
1334 2625 1369 2679 ad
1379 2625 1543 2680 excelsum*

310 2725 461 2779 sanctitatis
472 2725 581 2778 culmen
590 2729 654 2778 sunt
666 2723 764 2778 elevati
775 2742 781 2776 :
791 2723 867 2777 Baro
880 2722 983 2776 scilicet
994 2728 1107 2777 sanctus
1119 2739 1181 2777 eum
1191 2723 1326 2777 Gertrude
1339 2724 1446 2794 virgine
1458 2742 1542 2789 sacra,

310 2825 406 2879 beatus
418 2824 586 2878 llumbertus
598 2841 660 2878 eum
670 2822 786 2876 aliorum
795 2825 891 2876 sancta
902 2822 1064 2890 frequentia,
1073 2838 1191 2891 quorum
1200 2822 1246 2876 hic
1256 2838 1289 2876 ex
1298 2827 1377 2892 parte
1386 2824 1543 2879 scribuntur

309 2924 438 2978 nomina:
455 2923 586 2983 Andreas,
604 2922 785 2985 Florebertus
804 2922 945 2975 lohannes
964 2925 1048 2989 atque
1064 2921 1180 2975 leuatus
1198 2921 1313 2975 abbates
1331 2925 1359 2975 et
1379 2922 1431 2976 riri
1449 2922 1542 2983 sancti,
1557 2928 1586 2979 rr

309 3039 417 3077 necnon
428 3023 511 3076 etiam
523 3022 700 3076 Londoaldus
711 3020 936 3090 archipresbyter,
955 3020 1118 3074 ttauronrus
1137 3020 1220 3075 levita
1236 3021 1399 3089 praeelectus
1416 3027 1446 3075 et
1465 3020 1543 3076 mulli

308 3121 354 3177 alii
367 3127 459 3191 patres
469 3120 646 3183 sanctissimi;
665 3136 782 3189 quorum
794 3124 872 3189 gesta
886 3119 931 3188 qui
944 3119 1071 3173 benivole
1082 3120 1177 3189 legerit
1188 3124 1215 3173 et
1227 3119 1315 3173 tidelis
1326 3119 1361 3173 ad
1375 3121 1543 3175 credendum

309 3221 391 3276 luerit
402 3220 542 3290 scripturae
551 3219 680 3288 magistri,
690 3219 810 3288 ipsorum
819 3218 919 3271 merita
934 3235 967 3271 ex
981 3219 1110 3288 operibus
1120 3218 1279 3273 eorumdem
1287 3219 1460 3289 perpendere
1469 3226 1543 3289 pote·

310 3318 357 3381 n't;
367 3317 431 3372 dum
445 3317 514 3370 alios
523 3332 618 3370 eorum
631 3320 805 3370 mortuorum
816 3314 1022 3369 resuscitatione
1034 3314 1131 3379 claros,
1140 3315 1210 3369 alios
1218 3314 1342 3384 angelica
1351 3316 1468 3383 visione,
1477 3319 1544 3372 alios

309 3416 448 3486 signorum
461 3414 610 3469 caelestium
628 3413 804 3476 exhibitione,
817 3413 885 3467 alios
896 3413 989 3467 divina
1007 3413 1195 3468 admonitione
1207 3413 1241 3467 ad
1254 3416 1446 3471 venerandum
1457 3416 1543 3471 homi·
1557 3420 1585 3473 00

310 3517 391 3571 nibus
402 3515 571 3573 manifestos,
582 3514 716 3582 scriptura
726 3517 850 3578 testante,
858 3513 999 3567 invenerit.
1007 3513 1111 3567 Horum
1125 3529 1190 3583 ergo
1200 3513 1324 3567 omnium
1334 3514 1435 3570 beatus
1444 3516 1544 3570 Amun-

310 3617 361 3670 dus
371 3619 464 3684 pastor
472 3613 575 3667 exstitit
584 3617 612 3666 et
621 3613 805 3680 doctoratque
814 3612 849 3666 ad
859 3611 977 3665 eaelestia
985 3612 1224 3681 promovit,fidelis
1233 3616 1260 3666 et
1268 3617 1369 3682 potens
1378 3614 1408 3668 in
1416 3615 1544 3671 omnibus

310 3715 483 3770 intercessor.

351 3814 385 3871 5.
410 3812 479 3867 Cum
496 3812 576 3880 igitur
592 3810 720 3880 gentibus
737 3816 764 3866 et
782 3809 897 3879 populis,
915 3814 1043 3879 utsupra
1066 3810 1169 3865 dietum
1200 3815 1249 3869 est.
1267 3810 1310 3865 vir
1333 3810 1385 3865 Dei
1401 3811 1544 3867 Amandus

232 3948 236 3958 ·
311 3912 426 3966 verbum
450 3909 561 3964 Domini
581 3908 714 3961 instanter
733 3908 916 3969 annuntiaret,
933 3911 1016 3975 atque
1033 3923 1081 3976 per
1104 3922 1167 3961 eum
1193 3906 1286 3961 divina
1310 3909 1437 3977 potentia
1459 3910 1544 3965 multa
1558 3913 1586 3965 u

311 4010 389 4079 signa
401 4011 512 4072 laceret,
525 4007 607 4060 debat
625 4021 773 4059 concursus
790 4004 949 4066 multorum,
965 4004 1012 4073 qui
1026 4003 1200 4073 baptismatis
1211 4010 1387 4061 sacramenta
1402 4006 1544 4061 humililer

310 4107 504 4177 percipiebant,
522 4109 549 4159 et
570 4105 664 4159 divina
683 4104 815 4157 mandata
836 4103 942 4157 devotae
961 4104 1063 4157 mentis
1083 4102 1217 4172 obsequio
1238 4103 1273 4157 ad
1293 4104 1543 4175 obtemperandum

311 4206 503 4276 suscipiebant.
519 4204 595 4258 Fana
607 4203 690 4257 etiam
703 4203 746 4256 vel
759 4201 840 4265 idola,
850 4218 912 4270 quae
924 4202 1000 4270 prius
1013 4217 1030 4255 a
1042 4201 1153 4255 diabolo
1166 4200 1254 4255 delusi
1266 4206 1435 4259 venerantes
1451 4203 1544 4259 adore·

312 4307 386 4369 bant,
398 4304 515 4374 propriis
525 4304 697 4357 destruentes
708 4301 836 4355 manibus
845 4305 908 4368 post
918 4304 1072 4370 susceptam
1085 4300 1150 4354 fidei
1159 4299 1314 4354 christianae
1328 4302 1463 4371 gratiam:
1471 4302 1544 4373 quie·

312 4402 377 4473 quid
389 4402 491 4456 habere
503 4405 637 4471 poterant,
648 4399 683 4452 ad
692 4397 865 4451 edificandas
874 4396 902 4450 in
912 4398 1046 4451 honorem
1057 4397 1106 4451 Dei
1115 4402 1143 4451 et
1151 4402 1311 4452 sanctorum
1320 4397 1409 4468 ipsius
1417 4399 1545 4455 ecelesias
1558 4402 1586 4459 tt
1627 4416 1631 4435 ¹

310 4501 354 4557 rel
372 4500 553 4555 eleemosinas
571 4498 737 4568 pauperibus
756 4497 907 4565 erogandas
928 4496 1001 4550 taeta
1021 4496 1168 4551 collatione
1189 4496 1225 4551 ad
1242 4497 1363 4553 eundem
1384 4497 1478 4555 virum
1497 4496 1545 4553 liei

311 4597 453 4653 humiliter
463 4597 623 4651 atterebant.
635 4594 702 4662 Quae
715 4595 811 4648 beatus
823 4593 865 4646 rir
874 4593 1048 4647 offerentium
1059 4594 1132 4647 dona
1140 4592 1293 4662 suscipiens
1301 4594 1434 4651 universa
1444 4596 1474 4651 in
1481 4612 1546 4667 peu·

311 4698 422 4769 peribus
433 4695 589 4751 recreandis
599 4699 683 4764 atque
692 4692 775 4747 etiam
788 4692 966 4748 ecclesiarum
978 4691 1099 4747 aediliciis
1112 4690 1248 4761 expendit.
