3270 5400
54 2916 68 2948 ¹*
79 2919 135 2971 cod.

29 2982 159 3052 erogavit.

223 319 296 394 354
557 339 684 391 caran.
710 339 814 390 cono.
840 337 1118 389 naaroonnrnrc.

379 534 538 595 ornatum
559 529 684 594 Missae
704 534 749 592 de
769 533 896 593 sancto
915 533 1054 592 andoco
1076 532 1291 591 confessore.

254 693 404 749 luraorrus.
415 693 452 748 Os
461 695 527 763 justi
539 695 716 749 meditabitur
727 693 898 763 sapientiam.
913 694 946 754 ἴ.
961 694 1021 749 ΝοΙί
1042 691 1164 747 aemulari
1181 698 1232 746 etc.
1248 720 1281 730 -
1297 691 1378 760 Kyrie
1396 690 1452 745 ele-

221 807 298 861 yson·
309 791 401 845 Gloria
413 792 441 845 in
454 793 577 847 excelsis.

262 913 427 972 collecta.
448 917 521 970 Deus
541 915 588 984 qui
608 914 797 970 beatissimum
816 915 960 976 indacum,
981 915 1165 969 confessorem
1186 919 1273 975 tuum,
1291 912 1458 967 aternitatis

219 1015 306 1084 gloria
333 1014 496 1074 sublimasti,
515 1013 635 1068 concede
663 1013 751 1077 nobis,
778 1012 888 1066 famulis
910 1013 973 1073 tuis,
996 1013 1055 1080 ejus
1074 1012 1217 1065 sollemnia
1240 1009 1459 1075 celebrantibus,

219 1119 381 1168 cunctorum
391 1114 500 1168 veniam
509 1113 670 1167 delictorum
683 1117 711 1166 et
719 1116 827 1166 aterna
834 1111 1010 1166 beatitudinis
1020 1112 1162 1179 praemium
1172 1109 1379 1179 sempiternum.
1388 1109 1458 1165 Per.

253 1212 394 1266 Eersroui.
402 1211 510 1265 lustum
525 1209 638 1264 deduxit
649 1208 792 1272 Dominus,
801 1226 834 1262 ar
844 1225 956 1262 curras.

254 1310 407 1364 Gnannara.
418 1310 542 1373 Domine,
552 1307 706 1378 praevenisti
717 1324 781 1362 eum
793 1307 821 1361 in
833 1307 1030 1363 benedictione.
1042 1307 1167 1361 Alleluia.
1179 1308 1274 1362 iustus
1285 1304 1458 1376 germinabit

220 1409 290 1464 sicud
302 1409 398 1463 lilium.

733 1543 937 1615 sementia.
1466 1567 1492 1618 (4

284 1733 393 1786 Laudes
405 1731 512 1786 Christo
524 1730 721 1801 persolvamus,

283 1832 339 1886 Nos
350 1831 397 1900 qui
409 1831 496 1885 sancti
509 1830 679 1884 celebramus

317 1931 414 1986 Judoci
424 1929 568 1984 sollemnia
580 1948 586 1993 ;

285 2127 364 2181 Pater
376 2126 455 2180 nobis
467 2142 547 2195 opem
559 2126 658 2189 mittat,

284 2227 368 2295 Cujus
381 2226 437 2279 vita
448 2241 498 2278 nos
512 2224 610 2279 invitat

318 2325 361 2379 Ad
373 2323 431 2378 caeli
443 2323 552 2392 palatia.

284 2522 358 2591 Repe
370 2525 451 2574 natus
462 2524 489 2574 et
501 2520 603 2588 regina,

206 2698 208 2702 Ι
283 2620 371 2676 Gaelos
382 2619 470 2690 gliscit
482 2622 508 2672 et
520 2619 615 2673 divina

316 2718 432 2772 Deitatis
443 2718 538 2785 gratia.

281 2915 413 2970 Mundum
424 2914 527 2983 sprevit
538 2919 566 2968 et
576 2918 693 2978 terrena,

282 3014 372 3069 Mente
383 3030 508 3083 quaerens
519 3014 577 3067 Deo
589 3013 670 3082 plena

315 3110 437 3164 Paradisi
448 3110 556 3179 gaudia.

283 3308 374 3361 Coetus
386 3311 479 3360 noster
491 3306 555 3359 hinc
567 3305 715 3374 applaude;

282 3406 360 3459 Hunc
372 3407 479 3460 honora
491 3405 601 3474 dignum
614 3404 704 3469 laude,

314 3502 367 3570 Qui
379 3503 448 3558 vivit
459 3504 488 3557 in
499 3502 593 3571 gloria.

279 3700 373 3754 Sciant
384 3716 480 3754 omnes
492 3705 520 3754 et
531 3700 619 3754 sciant
630 3699 729 3768 singuli
743 3720 749 3753 :

279 3799 339 3853 Non
351 3799 478 3868 quaesivit
488 3799 604 3868 gloriam
615 3798 709 3864 seculi,

312 3898 367 3952 Nec
378 3897 463 3967 patris
474 3897 598 3966 imperia

279 4096 374 4166 Regna
384 4095 465 4164 liquit
476 4100 504 4149 et
514 4095 583 4164 fugit
594 4095 712 4164 patriam

279 4196 312 4249 Et
322 4195 425 4249 subivit
437 4193 572 4248 transiens
583 4193 705 4247 Samiam

312 4293 421 4349 Pontivi
432 4292 560 4347 confinia.

279 4495 355 4549 Tunc
367 4493 419 4548 snb
432 4493 500 4546 duce
513 4491 655 4561 requievit,

278 4593 331 4648 Ubi
343 4593 452 4647 Christo
464 4592 602 4661 acquievit

311 4693 345 4746 Et
356 4692 415 4759 ejus
426 4690 549 4746 servitio.

901 1731 972 1784 llinc
983 1747 1012 1784 se
1024 1729 1083 1785 viro
1096 1731 1303 1794 demonstravit,

899 1829 1015 1897 Quando
1027 1846 1126 1899 panem
1138 1828 1298 1898 impetravit

931 1931 1005 1984 Deus
1016 1928 1092 1983 vultu
1104 1929 1223 1997 proprio.

899 2125 981 2179 Panis
992 2126 1072 2179 datus
1083 2141 1140 2178 non
1152 2125 1275 2194 ingratus

898 2224 961 2279 Fuit
971 2225 1057 2279 immo
1070 2228 1212 2292 reparatus
1430 2215 1451 2265 ll

931 2323 1030 2378 Divino
1043 2322 1168 2377 concilio.

900 2520 956 2574 Deo
969 2536 1068 2589 panem
1079 2520 1125 2573 hic
1136 2520 1231 2574 divisit

897 2619 970 2673 Deus
981 2635 1066 2673 naves
1077 2618 1142 2672 hinc
1154 2618 1261 2673 remisit

930 2717 1028 2771 Plenas
1039 2717 1182 2771 beneficio.

900 2914 1008 2969 Victum
1020 2915 1320 2984 cunctanter-agata
1422 2898 1444 2949 Ἀ

897 3013 977 3082 Capit
987 3013 1104 3083 quisque
1115 3019 1251 3083 qnantum
1263 3014 1341 3083 rogat,

933 3110 1128 3179 Respondente
1139 3110 1227 3180 copia

899 3307 994 3361 Ruunt
1005 3323 1102 3361 omnes
1114 3324 1177 3361 cum
1189 3308 1305 3378 gaudi03

896 3406 949 3460 Sed
962 3406 1003 3460 vir
1014 3407 1064 3460 Dei
1073 3423 1128 3474 prae
1139 3407 1222 3461 taedio

928 3504 1027 3558 Fessus
1036 3503 1116 3573 liquit
1128 3505 1232 3558 omnia.
1420 3488 1442 3541 ¹⁸

893 3701 960 3755 lude
972 3702 1069 3755 transit
1080 3701 1109 3755 in
1122 3701 1232 3756 deserta

894 3800 982 3854 Deum
994 3816 1112 3870 sequens
1123 3800 1177 3855 lide
1186 3806 1262 3855 certa

928 3897 1007 3967 Fugit
1016 3899 1182 3952 transitoria.

894 4095 993 4150 Lustra
1003 4100 1095 4151 tereus
1106 4096 1153 4150 hic
1165 4097 1293 4161 ferarum,

891 4193 952 4248 Non
961 4194 1096 4249 horrescit
1107 4194 1165 4249 viru
1175 4211 1284 4257 aarum
1415 4174 1436 4227 ³·

926 4295 1009 4348 Sedat
1017 4310 1134 4364 quaeque
1145 4294 1237 4349 noxia.

894 4493 976 4548 llann
987 4509 1037 4547 sua
1046 4493 1132 4547 comit
1144 4509 1218 4557 aves,

895 4592 956 4647 Feri
966 4592 1025 4661 lupi
1036 4596 1100 4646 sunt
1110 4608 1220 4658 suaves,

926 4691 957 4746 ln
969 4691 1028 4760 ejus
1039 4692 1196 4761 prasentia.
