3270 5400
164 369 254 420 areu.
272 368 354 422 nro.
373 368 545 421 sauram.
564 391 613 422 -.
629 369 776 422 cernuo,
795 370 842 421 an
860 371 940 422 con.
959 372 991 423 n.
1010 371 1125 424 aaran.
1143 360 1227 424 teaa'.
1253 352 1327 427 485

98 554 160 621 rint,
178 556 225 609 ubi
245 557 324 626 copia
345 562 439 611 nostra
459 559 620 612 successerit
640 559 826 628 delegabimus
849 560 935 624 vobis,
960 559 1076 614 scientes
1095 560 1198 615 scilicet
1218 577 1280 616 eam
1300 561 1329 617 in

98 654 217 708 aunario
238 655 383 710 Remensis
403 657 525 711 ecclesiae
542 673 602 711 esse
623 659 800 713 reconditam.
821 657 896 726 Quos
913 674 961 712 rex
982 658 1016 712 ad
1034 659 1179 726 prandium
1199 659 1329 714 invitatos

99 768 183 820 penes
199 769 229 806 se
242 759 389 824 utrumque
410 756 475 810 iecit
492 757 674 821 discumbere,
695 758 791 811 favens
808 757 911 812 scilicet
931 757 1076 823 signaculis
1094 757 1193 811 Christi
1210 758 1329 828 episcopi

100 850 177 905 cibos
189 854 353 922 consignari.
366 853 444 922 Quod
459 855 610 923 praevidens
619 855 771 920 haereticus,
782 857 871 910 sciens
882 861 1007 909 sanctum
1019 856 1176 925 episcopum
1189 873 1245 911 uon
1256 857 1331 911 vesci

66 960 81 1007 t
100 949 167 1003 cibis
176 951 211 1003 ab
220 968 253 1005 eo
263 953 446 1015 sanctificatis,
455 954 594 1021 appositos
605 953 680 1008 cibos
688 970 796 1023 semper
805 955 920 1009 festinus
929 955 1003 1023 prior
1012 953 1097 1008 exiliit
1105 954 1330 1010 sanctificaturus.

101 1049 123 1102 N
126 1050 261 1104 ovissimis
274 1068 339 1105 vero
358 1053 496 1121 appositis,
509 1055 637 1121 apposita
657 1055 891 1108 sanctificaturum
909 1070 938 1107 se
950 1053 1054 1119 extulit,
1066 1059 1093 1107 et
1105 1054 1132 1108 in
1150 1054 1210 1121 ipso
1229 1054 1285 1108 ictu
1296 1071 1330 1110 ex

101 1148 240 1202 secretiori
253 1156 331 1217 parte
342 1151 465 1219 corporis
484 1150 574 1204 emisit
594 1167 701 1217 sonum,
718 1155 748 1205 ut
767 1168 863 1205 omnes
881 1169 949 1220 pene
967 1152 1098 1206 attonitos
1108 1152 1242 1219 redderet,
1259 1159 1287 1207 et
1303 1153 1331 1208 in

101 1247 161 1316 ipso
174 1249 278 1316 impetu
288 1249 429 1303 exhalavit
440 1250 575 1318 spiritum.
588 1250 689 1303 Videras
707 1266 771 1320 ergo
785 1251 950 1305 christianus
959 1251 994 1304 ab
1007 1268 1039 1304 eo
1053 1251 1164 1305 inlatam
1177 1251 1228 1305 sibi
1244 1252 1332 1307 Deum

101 1346 198 1414 punire
220 1347 358 1415 injuriam,
370 1365 436 1402 mox
449 1349 477 1402 in
495 1350 553 1417 ejus
570 1348 650 1402 laude
667 1349 734 1403 illud
752 1349 872 1403 intonuit
888 1350 1051 1418 psalmista:
1077 1349 1183 1403 'Periit
1198 1336 1333 1405 memoria

53 1452 84 1501 to
103 1461 197 1499 eorum
212 1462 274 1500 cum
289 1448 383 1501 sonitu
394 1454 421 1500 et
429 1448 563 1502 Dominus
573 1448 599 1501 in
612 1453 743 1502 aeternum
757 1454 931 1518 permanet„

144 1545 178 1600 5.
201 1544 388 1597 Revertamur
398 1544 431 1597 ad
444 1544 623 1613 propositum,
635 1545 669 1598 de
678 1561 733 1613 quo
742 1544 909 1598 instituimus
919 1544 1115 1609 disserendum,
1124 1550 1151 1598 et
1162 1545 1225 1612 quia
1235 1546 1336 1614 scripta

103 1649 197 1697 nostra
210 1639 372 1695 notificastis
391 1640 621 1693 anathematizata
633 1644 660 1693 et
672 1640 699 1693 in
712 1640 779 1694 locis
790 1640 826 1693 ab
837 1640 971 1709 episcopis
982 1641 1147 1694 consecratis
1164 1657 1221 1694 non
1235 1641 1336 1696 debere

105 1741 188 1795 recoli
198 1741 345 1803 insinuare,
357 1740 507 1807 quaerimus
521 1755 575 1807 qua
587 1738 749 1792 auctoritate
761 1739 820 1792 baec
832 1739 936 1807 legalia,
947 1739 1115 1807 prophetica,
1127 1740 1336 1809 evangelicaque

105 1845 133 1894 et
144 1839 297 1908 apostolica
309 1855 370 1906 qua>
379 1837 573 1890 subintulimus
583 1837 752 1906 exemplaria
764 1838 904 1891 absorberi
918 1837 1008 1891 velitis
1018 1838 1054 1891 ab
1066 1839 1188 1893 ecclesia.
1199 1837 1337 1893 Potuisse·

58 1944 88 1994 tr
106 1955 168 1992 mus
182 1939 309 2006 equidem
323 1936 443 2005 pluriora
455 1936 596 2004 utriusque
608 1936 765 1990 testamenti
777 1936 811 1990 ad
828 1936 950 1990 medium
968 1936 1090 2005 prolerre
1107 1937 1272 1997 testimonia.
1289 1936 1338 1990 sed

105 2054 140 2091 ne
153 2037 263 2106 longius
273 2036 468 2105 protendamus
477 2051 633 2088 sermonem
644 2041 670 2088 et
679 2040 798 2089 vestram
809 2035 1003 2100 venerabilem,
1012 2051 1094 2104 quam
1104 2035 1244 2089 remissius
1254 2037 1338 2101 decet,

106 2137 280 2190 offendamus
299 2140 494 2198 senectuctem‚
506 2135 555 2187 sed
568 2134 690 2187 maxime
707 2135 771 2203 quia
783 2139 811 2187 et
821 2134 909 2188 multo
927 2114 1055 2203 tempore⁸
1067 2134 1169 2189 scimus
1180 2151 1230 2189 vos
1241 2135 1270 2188 in
1281 2135 1339 2203 lege

109 2234 158 2288 Dei
173 2233 320 2286 desudasse
333 2237 360 2284 et
373 2231 491 2285 multum
509 2231 595 2298 gratia
607 2232 657 2284 Dei
669 2231 800 2299 proficere
812 2236 840 2284 et
856 2247 917 2299 quae
934 2230 1006 2283 circa
1023 2247 1073 2284 vos
1090 2235 1221 2299 geruntur
1243 2232 1340 2285 talium

113 2348 208 2386 rerum
221 2332 277 2385 urin
286 2331 453 2384 incuriosum
463 2334 669 2399 procuratorem
679 2329 803 2391 existere,
811 2328 867 2395 jam
877 2328 963 2397 stylus
971 2333 1197 2398 nosterproperet
1205 2330 1239 2383 ad
1248 2330 1340 2385 linem.

59 2438 90 2488 ιο
114 2429 230 2498 Expedit
249 2427 364 2496 proinde
382 2444 431 2479 vos
452 2425 613 2494 juvenilium
626 2424 747 2479 fabulis*
759 2440 854 2478 aurem
875 2429 1006 2488 avertere,
1025 2429 1052 2478 et
1068 2424 1092 2477 si
1111 2424 1220 2493 quando
1240 2424 1341 2480 auditis

109 2534 203 2584 sancta
216 2532 297 2596 prout
308 2527 440 2581 condecet
449 2527 612 2579 auctoritate
623 2542 640 2577 a
651 2524 730 2579 vobis
741 2523 872 2591 repellite.
883 2523 922 2576 Ne
935 2523 1082 2577 videamini
1091 2540 1108 2576 a
1117 2524 1240 2592 partibus
1248 2523 1341 2578 Pater·

111 2626 257 2679 nianorum
269 2625 368 2679 haeresi
384 2625 546 2690 consentire,
559 2624 605 2691 qui
618 2627 744 2676 asserunt
760 2622 903 2676 hominem
915 2639 931 2675 a
943 2622 1051 2676 duobus
1063 2621 1114 2675 diis
1130 2626 1250 2676 creatum
1263 2638 1341 2691 supe·

112 2724 215 2777 riorem
229 2728 334 2790 partem
348 2739 364 2774 a
376 2722 459 2785 bono,
477 2720 634 2774 inferiorem
647 2736 712 2773 vero
727 2720 836 2773 amalo.
848 2717 924 2784 Quos
936 2718 1033 2772 beatus
1046 2719 1215 2787 Augustinus
1232 2719 1260 2772 in
1271 2702 1352 2773 libro¹

113 2837 196 2890 quem
209 2821 304 2876 scribit
315 2822 349 2874 ad
366 2820 604 2886 Quodvult·Deum
619 2819 764 2872 diaconum
777 2834 840 2871 cum
851 2817 987 2871 catholica
998 2817 1113 2872 ecclesia
1129 2818 1249 2872 damnat.
1271 2818 1341 2871 Prae·

60 2929 93 2979 25
114 2923 190 2972 terea
209 2918 231 2971 si
254 2919 319 2987 quid
341 2917 428 2972 nostri
448 2916 583 2971 sermonis
605 2916 717 2969 auribus
739 2916 837 2969 vestris
856 2916 947 2970 minus
966 2932 1046 2983 aequo
1066 2915 1198 2970 incultum
1219 2916 1343 2971 sonuerit

110 3017 221 3085 parcite.

365 3215 404 3258 nu
425 3215 450 3259 s.
473 3215 587 3260 nanno.
609 3195 686 3279 (Cir.
708 3214 816 3278 supra,
838 3215 911 3278 pag.
932 3196 1002 3275 480,
1024 3197 1081 3279 4⁰.)

148 3408 273 3462 Ealdrico
297 3407 455 3462 leodiensis
478 3407 597 3461 ecclesiae
620 3408 748 3478 episcopo
772 3408 901 3462 Amulius
924 3408 1010 3476 gratia
1033 3409 1082 3462 Dei
1099 3409 1243 3463 Remensis
1259 3411 1342 3464 eccle·

113 3508 162 3561 siae
176 3507 288 3562 nomine
301 3524 357 3561 non
373 3507 471 3561 merito
484 3506 658 3576 archipraesul
671 3508 848 3575 ejusdemque
860 3507 910 3576 piae
922 3507 1075 3561 devotionis
1088 3507 1175 3561 clerus
1192 3525 1253 3563 cum
1267 3509 1344 3563 omni

62 3615 94 3667 30
112 3609 212 3679 gregi*
229 3607 281 3661 sibi
301 3607 403 3660 credito
415 3607 528 3660 feliciter
540 3607 703 3675 triumphari
721 3622 781 3660 cum
801 3605 918 3660 Christo.
930 3635 962 3643 —
979 3607 1053 3659 lntcr
1063 3607 1152 3675 prima
1164 3608 1344 3677 perpluraque

116 3708 271 3761 divinarum
281 3707 475 3776 scripturarum
488 3707 618 3760 mandata
627 3704 726 3774 quibus
735 3704 784 3758 Dei
793 3704 863 3758 fitius
872 3704 1006 3758 redimere
1015 3705 1088 3773 quod
1098 3704 1215 3772 perierat
1223 3707 1344 3776 veniens,

118 3807 270 3860 humanam
294 3809 421 3859 naturam
434 3806 468 3858 ad
480 3804 507 3857 id
520 3805 591 3858 unde
609 3804 714 3873 proruit
731 3819 892 3871 recuperare
904 3820 983 3872 posse
996 3803 1077 3869 dedit,
1090 3804 1207 3871 primum
1220 3809 1247 3858 et
1259 3807 1344 3860 maxi·

119 3922 196 3959 mum
208 3904 257 3959 Dei
270 3904 441 3960 dilectionem
456 3910 483 3957 et
496 3904 612 3973 proximi
623 3921 682 3958 esse
694 3903 829 3957 credimus
841 3907 869 3956 et
877 3908 1010 3957 tenemus.
1022 3902 1144 3969 Quorum
1157 3904 1273 3958 alterum
1285 3905 1344 3960 sine

116 4005 203 4060 altero
215 4021 265 4059 nec
278 4021 337 4058 esse
349 4004 449 4057 sufficit
459 4020 511 4058 nec
523 4003 666 4068 consentit,
674 4003 721 4072 qui
733 4003 761 4057 in
773 4019 828 4057 uno
841 4001 1059 4056 inenarrabiliter
1069 4002 1152 4056 fontis
1163 4003 1242 4057 latice
1252 4003 1287 4057 ab
1298 4003 1345 4059 illa

63 4107 96 4160 ae
118 4122 180 4174 quae
192 4109 234 4158 est
251 4103 375 4157 Christus
393 4107 468 4172 petra
484 4103 634 4170 procedunt
646 4106 673 4155 et
684 4105 725 4155 est
742 4102 850 4156 illorum
862 4101 990 4169 singulari
999 4102 1118 4168 quodam
1131 4101 1207 4170 quasi
1226 4102 1346 4157 caritatis

121 4203 231 4258 vinculo
239 4204 333 4271 juncta
342 4208 448 4265 natura,
460 4219 520 4271 quae
538 4206 579 4255 est
596 4205 684 4255 mater
701 4204 728 4254 et
746 4201 876 4269 perfectio
894 4200 1153 4268 firmamentumque
1165 4200 1304 4266 virtutum,
1316 4203 1346 4257 in

120 4308 228 4357 tanturn
241 4306 271 4354 ut
282 4302 352 4355 sicut
365 4302 392 4355 in
404 4300 514 4369 paribus
525 4299 576 4353 alis
587 4300 663 4354 nulla
674 4304 757 4368 queat
768 4300 878 4354 evolare
890 4299 956 4362 avia,
972 4299 1010 4352 ita
1021 4300 1151 4353 nimirum
1164 4300 1268 4367 absque
1279 4300 1346 4354 cari-

120 4401 176 4450 tate
187 4396 300 4465 quilibet
312 4397 347 4449 ad
359 4397 414 4449 alta
426 4397 554 4449 carlorum
570 4411 625 4449 non
640 4398 730 4463 potest
742 4395 859 4448 evolare.
872 4395 940 4449 Cum
953 4411 1016 4464 ergo
1029 4394 1095 4448 nulli
1109 4395 1223 4449 dubium
1236 4401 1277 4450 est
1286 4413 1347 4452 sen·

117 4497 191 4562 tisse,
213 4496 371 4550 firmissima
390 4496 470 4549 nobis
489 4495 670 4564 colligendum
693 4497 733 4547 est
753 4493 866 4560 ratione,
875 4494 941 4562 quia
963 4494 1013 4548 etsi
1035 4493 1157 4548 bumana
1178 4495 1270 4549 divino
1291 4495 1347 4566 regi

66 4601 98 4656 to
117 4594 245 4649 videntur
256 4595 454 4658 moderamine,
466 4598 559 4647 tamen
571 4594 676 4661 absque
683 4593 736 4647 hac
747 4592 857 4661 gemina
872 4592 991 4646 caritatis
1003 4591 1146 4647 dilectione
1159 4594 1216 4648 Deo
1228 4594 1347 4662 perfecte

113 4709 172 4748 non
189 4698 303 4762 possunt
314 4693 429 4761 placere.
440 4691 467 4744 Si
486 4707 549 4761 ergo
568 4690 596 4744 in
612 4689 772 4745 bominibus
783 4694 814 4744 ut
823 4691 882 4744 Deo
894 4690 1045 4744 inhaereant
1056 4691 1170 4758 tirmius,
1181 4691 1302 4748 caritatis
1319 4697 1347 4748 et
