3338 5394
287 362 380 436 sinu.
399 384 480 435 suu.
499 383 674 435 nnuxuuu.
694 405 740 414 —
759 382 909 435 1111111).
928 384 975 434 sn
992 384 1072 435 con.
1091 374 1129 433 u⁰
1146 379 1271 435 orit-io.
1327 362 1399 436 utu

161 574 276 637 somnis,
286 577 429 627 monentes
439 588 499 626 sum
512 589 640 627 sermone
651 572 715 627 tali:
730 576 803 639 Quid
811 575 855 627 liic
866 576 1021 627 dormitas?
1040 575 1133 628 Nescis
1141 576 1233 627 dolens
1245 576 1316 642 qaod
1330 576 1399 637 iacc-

162 690 225 726 mue
236 672 250 703 *
262 675 292 725 in
304 673 428 726 Francia
436 690 518 740 penes
530 673 601 725 lenti
613 674 741 726 Medardi
752 674 895 726 membra?

559 823 602 875 itt
616 824 687 888 {iiiiii
704 825 849 887 miracula,

527 919 620 972 Nescis
637 928 741 987 quomo
760 928 783 972 et
801 922 904 988 qualia.

531 1018 604 1071 Vade
619 1020 706 1084 fiilios
723 1027 746 1072 el
762 1037 881 1087 propera

526 1117 680 1170 Suessionis
697 1119 734 1170 acl
753 1126 846 1171 nostra
864 1120 1027 1184 patrocinia.

559 1269 624 1320 Mox
643 1276 671 1320 ut
689 1271 718 1320 in
737 1277 858 1321 nostram
876 1271 967 1335 fueris

526 1369 653 1435 Itourissa
671 1370 788 1433 danicam,
806 1371 929 1435 corporis

163 1517 206 1567 tui
220 1518 369 1582 pristinam
390 1518 503 1583 recipies
520 1519 671 1570 sanitatem.

114 1666 146 1723 {⁰
560 1664 637 1717 Tunc
654 1681 683 1717 se
701 1682 717 1717 a
734 1681 833 1718 somno
851 1665 961 1722 excitat.

526 1762 559 1814 Et
576 1762 611 1815 ad
628 1762 790 1815 Sanctorum
809 1767 937 1831 properat

559 1960 626 2027 Quis
643 1965 674 2013 ut
692 1961 804 2014 intrarit
822 1962 933 2023 ostium,

525 2060 647 2112 Cancbat
664 2060 765 2113 chorus
784 2076 934 2128 congruum

117 2159 148 2208 tu
527 2158 628 2212 Salutis
645 2159 705 2226 ejus
724 2158 879 2212 canticum:

199 2302 281 2355 Salus
289 2304 386 2370 pupuli
399 2320 445 2369 eqo
457 2321 525 2369 sum,
536 2306 601 2358 dicit
614 2306 749 2358 Dominus
759 2307 985 2373 :aequaevamque
996 2307 1171 2359 tribulatione
1181 2308 1355 2360 clamarem'nl
1363 2309 1401 2360 aa

165 2416 213 2465 me,
225 2404 372 2454 exaudiam
385 2420 436 2457 eos.

559 2503 619 2570 Quo
638 2503 710 2556 dicto
730 2504 843 2572 hymno,
860 2502 959 2557 mulier

526 2603 623 2656 Erecta
639 2602 726 2672 surgit
743 2608 865 2667 ovanter,

115 2749 148 2802 20
166 2744 282 2799 laudans
294 2747 381 2801 Deum
394 2753 421 2802 el
436 2750 576 2804 clamans:
594 2752 720 2804 Laudato
735 2753 883 2805 Dominum
902 2754 929 2803 iu
948 2752 1052 2804 narretis
1069 2753 1129 2816 ejice
1145 2758 1168 2803 el
1187 2753 1216 2803 in
1231 2752 1401 2816 firmamento

165 2848 276 2899 ⁴:r'rlulio
286 2849 353 2913 ejus.

207 2941 240 3000 9.
262 2942 404 3009 Quendam
418 2943 546 2998 clericum
560 2946 593 2999 de
608 2947 788 3000 coutubernio
806 2950 962 2999 sanctorum
982 2944 1107 2999 Geruasii
1124 2949 1151 2998 et
1163 2944 1279 2998 Protusii
1297 2950 1399 3014 marty·

165 3056 236 3106 rum,
247 3041 389 3094 ardentem
402 3041 464 3110 igne
482 3042 613 3108 maximo,
626 3043 716 3098 taliter
725 3043 817 3097 diuina
827 3043 980 3097 Clementia
993 3043 1099 3096 meritis
1111 3047 1269 3096 sanctorum
1286 3058 1397 3097 suorum

164 3139 300 3194 liberavit.

115 3293 148 3343 st
296 3287 405 3351 Audite,
423 3288 524 3342 Christi
544 3289 650 3351 famuli,
914 3290 1020 3342 (llarnat
1038 3290 1152 3342 clericus
1169 3310 1175 3343 ε
1191 3293 1314 3357 murita·

263 3384 389 3455 Magnum
408 3387 503 3440 salutis
521 3389 638 3455 pretium
881 3391 979 3451 Arcleo,
999 3390 1104 3442 Cleriui
1120 3392 1226 3443 milites.

264 3485 353 3553 Atque
369 3491 530 3540 cunctorum
546 3487 697 3554 speculum.
880 3487 1007 3541 Clamant
1024 3488 1114 3541 clerici
1134 3487 1263 3556 [sortiter]
1274 3490 1299 3541 *ε

879 3588 980 3653 Moatra
995 3589 1081 3653 satore
1092 3589 1156 3653 jam
1172 3589 1245 3654 fetes.

169 3729 242 3783 Tolle
256 3732 400 3796 qrairalam
421 3740 498 3784 trium
518 3741 541 3786 a!
562 3740 685 3785 1101111111
706 3750 803 3785 ecucaa
829 3733 1005 3786 dooriciliu‘m.
1032 3732 1073 3785 Ad
1100 3732 1173 3785 hanc
1191 3748 1287 3785 vocem
1314 3730 1399 3785 mittit

115 3834 148 3886 30
166 3826 292 3882 nuntium
306 3830 340 3882 nd
352 3830 481 3884 abbatem
494 3831 654 3885 monasterii
668 3831 1132 3891 111111Μεᾶ11111,111111111111111151111
1151 3831 1303 3885 subveniat.
1321 3831 1399 3884 Tunc

165 3926 252 3979 abbas
261 3933 395 3981 conuocat
404 3930 564 3983 monachos.
574 3931 686 3995 Ennius,
699 3929 795 3998 inquit,
805 3937 828 3983 el
836 3948 1032 3983 succurramus
1042 3933 1146 3996 clerico,
1155 3933 1204 3998 qui
1212 3938 1286 3983 tanto
1294 3938 1398 3997 torque-

164 4033 213 4078 tur
229 4029 360 4081 incardio.
378 4028 478 4082 Parent
496 4029 575 4082 dictis
596 4034 623 4082 et
643 4045 705 4082 cum
723 4029 850 4082 crucibus
868 4034 895 4082 et
913 4029 1035 4096 reliquiis
1053 4029 1167 4082 veniunt
1183 4029 1219 4082 ad
1230 4028 1398 4097 languidum.

165 4123 297 4179 Deferunt
309 4126 397 4194 primo
409 4127 555 4182 bruchium
574 4127 648 4181 beati
664 4127 804 4197 Laurentii
817 4127 943 4197 martyris
955 4145 1004 4181 seu
1017 4128 1127 4181 dentem
1137 4127 1196 4181 Filii
1210 4127 1398 4196 [1111111111-

165 4239 226 4276 rum
236 4223 414 4293 reliquiarum
426 4227 575 4280 adrentum
587 4243 670 4280 sonus
682 4228 770 4281 fuctus
782 4225 900 4280 surrexit
910 4226 1023 4280 clericus
1032 4226 1147 4280 laudons
1158 4226 1245 4279 Deum
1255 4231 1282 4279 et
1291 4226 1397 4279 dicens:

114 4326 147 4378 311
163 4320 327 4375 Benedictus
335 4324 419 4389 Deus,
431 4326 480 4390 quei
489 4326 558 4390 facit
570 4326 710 4377 mirabilia
720 4326 802 4378 solue.

209 4418 265 4475 10.
285 4419 318 4473 ut
330 4419 435 4488 quisse
447 4419 551 4474 mentio
563 4420 597 4474 de
610 4421 691 4473 dente
703 4420 763 4474 Filii
776 4419 825 4473 Dei
838 4418 936 4481 intulit,
949 4420 1015 4488 quid
1027 4419 1195 4473 audierimus
1208 4423 1233 4472 et
1247 4419 1397 4474 viderimus

164 4533 246 4587 super
263 4517 394 4571 miracula
415 4534 476 4587 quae
494 4534 543 4587 per
561 4534 623 4571 eum
643 4517 804 4580 factasunt,
822 4516 925 4570 notitiae
937 4522 1110 4585 posterorum
1124 4516 1265 4570 tradimus.
1278 4517 1397 4572 Consue-

165 4616 267 4670 tudiuis
278 4620 366 4681 estut,
374 4617 603 4687 quotiescumque
617 4616 770 4671 ostenditur
787 4614 830 4669 rel
842 4615 871 4669 in
887 4615 1110 4684 processionibus
1128 4615 1257 4680 defertur,
1269 4618 1397 4672 sacerdos

165 4714 229 4769 alba
239 4715 283 4769 vel
300 4732 386 4786 cuppa
403 4716 514 4771 indutus
531 4716 636 4770 deierat
652 4732 714 4769 curn
727 4714 831 4770 lumine
844 4714 888 4769 vel
898 4714 1019 4769 incenso.
1032 4713 1157 4782 Quodam
1171 4715 1252 4786 igitur
1264 4721 1396 4785 tempore,

1467 675 1576 755 {penes
1661 660 1665 667 ’

1474 758 1502 793 m
1514 758 1570 794 mli·
