3270 5400
236 306 310 379 380
569 327 697 379 carm.
723 327 828 381 cono.
854 326 1134 380 nnaxocnaenxc.

235 514 365 568 munnam
376 514 587 569 Waldedrodem
597 519 714 569 matrem
726 516 785 583 ejns
795 520 824 569 et
834 516 918 570 dixit:
931 518 985 571 Ubi
995 524 1033 570 cat
1041 518 1139 570 dama
1149 536 1207 570 ma
1221 521 1448 574 Aldadrudiriliie

234 616 261 666 ei
268 617 398 681 quoniam
404 624 498 669 mnata
511 617 763 683 Aidepundisjubct
775 623 805 669 ut
817 618 905 670 reniet
916 618 954 668 ad
964 634 1032 681 eum,
1041 624 1066 669 ct
1077 619 1195 685 σαίρω
1205 635 1339 679 mmm.
1348 623 1447 688 quari

230 715 399 781 preparavit
409 715 545 767 Dominus
555 715 637 768 Jecur
651 715 783 768 Christus.
801 715 836 768 Et
846 714 998 768 secundum
1014 716 1243 770 consuetudinem
1261 717 1363 786 vigilias
1371 722 1445 772 ruste

235 810 336 875 diebat,
346 811 445 865 sedens
455 811 490 865 ad
507 828 610 880 prunas
621 811 650 865 in
661 811 818 866 habitaculo
829 818 943 866 sacram
955 812 1066 882 virginis
1083 812 1262 884 aldegundis.
1282 815 1352 869 l'idit
1361 814 1444 885 invadi

72 914 154 969 *aad
235 924 366 979 magnum
377 910 552 978 splendorem
564 912 578 941 ⁸
589 927 638 980 per
650 912 752 965 ostium
764 911 884 975 oratorii,
902 911 951 965 ubi
962 917 1058 965 sancta
1069 912 1145 981 virgo
1157 912 1323 982 migraverat
1331 930 1349 967 a
1357 913 1443 978 ecculm
1453 924 1466 974 t

15 983 179 1050 ”mmm
187 990 212 1035 ἰ
236 1011 264 1061 et
279 1008 402 1063 introivit
419 1009 447 1062 in
463 1009 573 1072 lectum,
590 1010 637 1063 ubi
649 1010 752 1064 domna
769 1009 932 1064 Aldedrudis
944 1011 1018 1064 fessa
1029 1026 1131 1078 sopore
1140 1012 1260 1079 iacebat.
1271 1012 1372 1067 Territa
1380 1027 1441 1066 soror

26 1052 204 1120 skdcinceps.
257 1106 263 1119 ,
296 1106 302 1119 ,
577 1108 583 1120 ,
611 1108 617 1119 ,
709 1109 715 1120 ,

236 1123 323 1162 nimio
339 1107 484 1175 splendore
501 1113 599 1163 aeteus
609 1113 730 1163 innotuit
747 1109 911 1164 miraculum
929 1109 1083 1175 sororibus;
1101 1111 1151 1165 sed
1170 1110 1224 1165 boc
1241 1116 1351 1165 sacrata
1364 1110 1440 1181 rani

236 1221 294 1260 non
304 1223 373 1260 ausa
384 1205 435 1261 luit
445 1208 575 1262 indicare.

278 1303 311 1362 2.
333 1304 398 1359 Post
418 1306 524 1376 aliquot
543 1311 652 1375 tempus
668 1307 735 1361 vidit
752 1307 781 1360 in
802 1307 862 1362 vau
879 1308 961 1361 beata
980 1309 1056 1376 virgo
1068 1308 1234 1363 Aldedrudis
1250 1309 1327 1378 quasi
1341 1309 1439 1363 slnretiu

237 1404 344 1473 porticu
361 1404 484 1468 oratorii;
503 1403 579 1458 venit
594 1405 637 1458 vir
647 1405 683 1458 ad
700 1421 761 1458 eam
779 1405 933 1473 angelicum
950 1405 1056 1459 babens
1074 1406 1227 1470 introitum,
1248 1413 1277 1460 et
1294 1404 1438 1474 inurant
1449 1414 1472 1463 tt

237 1503 312 1573 quali
324 1507 404 1557 aetate
415 1504 592 1589 resurrecturi
604 1508 695 1557 essent
705 1503 833 1557 homines
843 1505 871 1557 in
880 1504 924 1558 die
929 1504 1033 1572 iudicii.
1042 1504 1078 1558 At
1089 1505 1137 1559 illa
1149 1505 1234 1560 dixit:
1246 1507 1318 1572 Quid
1326 1507 1437 1559 bacina·

236 1607 339 1671 ropac?
357 1621 395 1657 aa
413 1606 499 1657 mccii
517 1607 582 1671 quia
599 1607 688 1657 omnia
705 1605 784 1657 homo
801 1606 832 1657 in
851 1607 967 1671 tripinta
983 1622 1121 1658 annorum
1135 1613 1211 1659 uate
1232 1613 1350 1673 recurari
1365 1607 1390 1657 ir
1405 1604 1437 1657 dte

232 1705 361 1770 judiciii
382 1702 446 1757 llaec
465 1703 559 1756 dicens
578 1703 685 1756 audivit
705 1703 826 1757 sonitum
848 1704 926 1772 quasi
945 1704 1038 1771 magni
1057 1703 1180 1768 tonitrui,
1203 1704 1338 1773 simulque
1355 1701 1436 1757 ridthtl

238 1817 369 1871 magnum
388 1801 561 1870 splendorem
584 1801 732 1871 fulgentem
753 1802 781 1855 in
804 1818 868 1856 aere
888 1803 1074 1856 continentem
1093 1819 1123 1856 se
1144 1803 1173 1858 in
1191 1820 1249 1858 uno
1270 1802 1437 1864 solumin03et

239 1901 370 1955 introiens
387 1917 437 1969 per
448 1902 549 1955 ostium
560 1901 632 1955 sedit
642 1917 724 1971 snper
739 1918 810 1956 eam.
821 1902 855 1956 Et
866 1918 929 1956 cum
945 1903 998 1955 hoc
1017 1903 1144 1956 intrasset
1161 1904 1313 1972 stupefacta
1330 1901 1384 1973 qnid
1397 1899 1436 1953 but
1446 1903 1470 1954 tt

239 2005 319 2064 esset,
336 2000 400 2054 lecit
409 2001 518 2070 signum
535 2001 624 2054 erucis
635 2000 664 2054 in
676 2000 775 2064 fronte,
787 2005 815 2053 et
827 2000 912 2054 dixit:
925 2003 959 2055 ln
971 2003 1078 2055 nentina
1089 2003 1184 2056 Patris
1195 2011 1219 2056 et
1231 2004 1301 2057 Filii
1311 2011 1333 2056 et
1343 2000 1436 2071 Spiritus

238 2102 333 2154 macti.
345 2099 427 2169 Signo
439 2103 549 2169 peracto
566 2099 662 2161 crucis,
675 2099 799 2153 introivit
816 2100 845 2153 in
856 2115 888 2152 os
900 2099 973 2166 eius3
984 2100 1058 2169 quod
1070 2116 1157 2169 usque
1176 2102 1211 2154 ad
1224 2101 1350 2156 interiora
1359 2094 1436 2153 rmlrit

152 2244 159 2258 ,
239 2199 376 2268 pervenit;
387 2198 535 2268 statimque
559 2198 749 2268 expergefacta
761 2200 775 2229 ⁸
793 2214 810 2251 a
827 2198 933 2252 visione
952 2198 1079 2263 surrexit,
1098 2201 1240 2269 sensitque
1257 2201 1376 2254 volumen
1389 2192 1437 2249 llud

171 2311 177 2323 ·
238 2297 378 2368 spirituale
389 2298 418 2352 in
431 2302 524 2352 ventre
535 2313 594 2360 suo,
605 2297 769 2366 vocavitque
779 2297 907 2366 puellam,
917 2312 983 2351 mox
995 2297 1166 2367 interrogans
1181 2315 1238 2368 qua
1249 2296 1437 2354 homoeusii

240 2401 268 2451 et
278 2397 348 2452 dixit
356 2397 381 2450 ei
394 2415 400 2451 :
415 2398 487 2451 Vade
498 2399 535 2450 od
545 2397 713 2464 horolopicm
723 2405 747 2450 et
755 2399 822 2451 vide.
835 2392 902 2463 Quae
913 2396 1045 2449 festinans
1057 2397 1226 2451 renuntiavit
1238 2398 1292 2452 diei
1303 2398 1385 2451 boram
1393 2404 1436 2446 est
1446 2392 1468 2443 tt

239 2495 373 2564 quintam.
390 2496 414 2550 Α
430 2496 598 2566 plenitudine
610 2495 725 2565 Spiritus
743 2495 937 2549 obumbratam
949 2511 979 2549 se
991 2501 1126 2560 senserat;
1145 2496 1204 2563 jam
1226 2497 1352 2551 melliflua
1364 2488 1436 2564 psbul¹

240 2595 340 2653 Christi
346 2594 1045 2666 praegustatavisceraejusrepleverantsuavissimis
1054 2595 1436 2666 apulienxpergelactasmeu
1476 2638 1480 2653 .

241 2699 355 2750 astratu
365 2712 425 2759 suo,
436 2694 570 2764 flagrabat
588 2694 687 2747 domus
704 2692 833 2747 omnibus
846 2693 1032 2747 odoramentis
1045 2700 1203 2748 aromatum
1216 2695 1303 2765 plena.
1315 2696 1350 2749 ite
1363 2698 1436 2758 utque

241 2794 355 2849 aderant
366 2795 532 2849 mirarentur
546 2797 628 2846 tanta
641 2791 784 2846 suavitatis
796 2792 920 2846 odorem.
931 2792 1044 2846 Gestum
1056 2792 1107 2846 luit
1121 2794 1216 2848 hocin
1230 2794 1288 2863 ipso
1304 2786 1435 2849 cretenau

241 2910 298 2964 qno
313 2898 408 2948 sancta
424 2892 590 2962 Aldegundis
610 2893 686 2961 virgo
707 2892 807 2946 Christi
828 2891 1037 2945 immaculatum
1053 2892 1110 2946 Deo
1131 2892 1251 2948 reddidit
1270 2894 1386 2964 spiritum
1401 2882 1466 2941 llll!

242 2993 388 3049 commotis
407 2992 562 3056 visceribus,
575 3008 629 3061 prae
640 2991 740 3060 gaudio
760 2989 895 3059 psallebat
914 2990 1025 3044 dicens:
1041 2992 1128 3058 ρυαηι
1151 2994 1245 3046 dulcia
1263 2995 1377 3059 faucibus
1390 2987 1435 3040 mit

242 3095 348 3161 eloquia
359 3100 414 3157 tuo,
426 3094 542 3146 Domine
548 3110 559 3157 ,·
569 3109 652 3161 super
662 3093 714 3145 recl
724 3099 747 3144 ct
757 3092 852 3155 favum
863 3093 908 3143 ori
919 3107 984 3143 meo.

284 3190 317 3249 3.
339 3192 495 3260 Insequenti
508 3206 573 3244 vero
585 3194 666 3244 nocte
680 3189 809 3258 apparuit
826 3187 937 3242 lucilluo
949 3188 1028 3242 vultu
1047 3188 1128 3241 beata
1147 3189 1224 3258 virgo
1236 3188 1386 3260 Aldegundis
1397 3181 1434 3235 eui·

243 3292 307 3345 dam
319 3289 415 3354 sorori,
432 3288 554 3358 dixitque
571 3287 596 3341 ei
615 3306 621 3342 :
639 3288 719 3352 Vade,
737 3294 761 3340 et
777 3287 823 3339 dic
838 3287 938 3339 dilecta
954 3302 1017 3340 mes
1034 3287 1198 3352 Aldsdrudi,
1217 3292 1341 3357 quoniam
1356 3280 1435 3350 ipra

247 3391 376 3444 Gobrilrel
385 3391 572 3456 circumfulsit
586 3406 663 3454 cerari,⁸
681 3393 709 3442 et
726 3387 796 3441 dixit
810 3385 947 3440 secundo:
966 3386 1045 3453 Vade,
1062 3389 1161 3439 numia
1176 3391 1202 3440 ei
1218 3390 1343 3455 quoniam
1357 3370 1465 3449 capiuli

246 3488 359 3541 Domim
366 3484 689 3553 circumfulsitecm.Tali
697 3500 730 3538 ex
739 3483 1003 3553 visionepavelacta,
1011 3486 1132 3536 tremens
1140 3481 1435 3543 nuntiaviteiomniaqoe
1468 3536 1473 3546 ¹

248 3587 361 3641 viderat.
374 3585 424 3639 llla
439 3601 521 3639 orans
532 3584 609 3639 llexis
626 3583 741 3653 genibus
752 3599 817 3637 cum
835 3581 934 3650 gaudio
947 3582 1066 3651 profusis
1084 3581 1206 3636 lacrimis
1219 3583 1343 3638 dicebat:
1357 3572 1435 3634 (truie

247 3685 361 3754 apotibi,
377 3686 458 3738 Pater
469 3686 584 3748 calestia
593 3686 659 3752 quia
671 3701 724 3738 nen
736 3685 882 3752 despexisti
892 3684 1070 3737 humilitatem
1084 3685 1190 3739 ancello
1199 3693 1259 3750 tua,
1272 3701 1330 3738 cum
1342 3665 1435 3736 staff

246 3803 302 3855 prio
314 3787 405 3837 nimis.

288 3882 322 3939 4.
343 3883 461 3952 Quidam
478 3882 619 3951 presbyter
637 3881 679 3935 vir
695 3878 848 3948 religiosus,
866 3879 894 3932 in
913 3879 1082 3933 monasterio
1100 3878 1287 3943 deserviebat;
1301 3856 1480 3948 quiquffl'ffl¹

248 3987 329 4037 nocte
340 3983 477 4037 dominica
486 3986 548 4052 post
560 3981 738 4035 testivitatem
751 3978 837 4032 saneti
848 3977 954 4031 blartini
968 3977 1086 4031 surrexit
1097 3978 1132 4031 de
1143 3982 1233 4031 stratu
1247 3994 1298 4032 suo
1309 3975 1378 4031 solito
1386 3968 1435 4021 mat
1474 3954 1480 4023 ⁴.

249 4083 353 4152 vigilias
364 4097 505 4151 perngere;
522 4080 671 4148 statimque
684 4077 811 4131 distincte
823 4081 883 4130 toto
895 4091 929 4129 ex
941 4076 1024 4129 corde
1040 4076 1179 4129 cantando
1197 4076 1301 4145 peragit
1312 4064 1436 4143 putuit-
1477 4052 1480 4075 ⁸

248 4182 399 4238 llatutinali
412 4186 523 4250 peracto
536 4180 636 4243 officio,
655 4197 717 4234 cum
730 4179 869 4249 paulisper
880 4196 910 4233 se
926 4181 954 4234 in
967 4179 1095 4233 accubitu
1107 4178 1277 4246 reclinasset,
1288 4179 1352 4234 vidit
1360 4172 1436 4229 dont!
1478 4184 1480 4253 j

250 4282 350 4336 calesti
367 4283 395 4335 in
413 4281 474 4350 igne
486 4280 573 4335 nimia
584 4280 706 4334 claritate
716 4280 864 4349 perfusam,
877 4278 1026 4348 parietibus
1044 4278 1127 4347 inque
1139 4279 1254 4333 resectis
1271 4275 1438 4349 plurimum*
1477 4260 1480 4349 j

250 4386 362 4435 ruerant
381 4381 460 4444 ostia,
477 4396 526 4449 per
543 4396 604 4449 quie
624 4379 733 4433 diversa
753 4379 883 4433 claritatis
903 4377 1056 4432 micuerant
1075 4376 1235 4441 luminaria;
1262 4378 1350 4447 ibique
1363 4348 1480 4479 down}

253 4479 415 4534 venerabilis
423 4494 455 4532 uc
467 4478 586 4547 gloriosa
599 4477 674 4546 virgo
686 4477 851 4530 Aldedrudis
860 4476 967 4540 sedens,
978 4475 1078 4530 librum
1091 4475 1204 4530 tenebat
1214 4476 1242 4530 in
1255 4456 1440 4532 ambacu&
1478 4482 1480 4541 l

250 4579 348 4633 litteris
365 4580 505 4647 scriptum,
526 4583 553 4632 et
571 4584 630 4632 erat
648 4576 796 4631 multitudo
815 4577 965 4631 astantium
985 4574 1118 4645 virginum
1144 4576 1217 4632 circa
1236 4594 1306 4632 eam.
1321 4565 1441 4631 illabili⁰¹
1475 4554 1480 4595 ¹

253 4680 356 4735 risione
372 4680 548 4749 stupetactus,
568 4679 697 4748 cognovit
717 4678 791 4748 quod
806 4678 834 4731 in
854 4678 980 4747 proximo
1000 4678 1150 4731 transitura
1169 4685 1243 4734 esset
1261 4680 1333 4749 virgo
1351 4663 1444 4732 Uirbi*
