3270 5400
190 357 238 429 76
520 379 648 432 eursu
672 378 777 432 cono.
802 378 1082 431 meroomrmc.

189 576 219 621 «t
230 570 268 621 ad
277 570 386 621 lauden
395 572 441 621 sui
451 572 570 623 mininis
581 572 689 638 aliquid
698 571 812 623 brer-iter
822 570 856 622 de
865 572 925 635 eju
935 572 1043 637 eripies
1053 570 1093 621 ret
1103 570 1358 637 openuuserttere
1365 586 1413 624 uon

188 670 337 735 pimus,
351 676 382 721 ut
391 671 496 721 cunctis
505 670 651 735 tepentibu
662 686 714 722 ιιωι
732 672 768 721 sit
778 685 919 725 men
931 678 956 721 et
967 669 1142 721 audientibus
1158 669 1257 721 cutm
1271 671 1362 723 erutis
1369 669 1415 735 fiet

188 768 227 819 sd
236 768 357 821 utnon.

289 870 352 942 39⁹
368 868 545 962 [Epistola
560 870 686 942 iacobi
703 870 749 942 de
765 869 928 943 l'itn'aco
945 870 993 942 ad
1010 871 1159 943 beatam
1176 871 1413 964 Lutganlem]

336 984 416 1057 ttol.
434 986 547 1074 245¹).

223 1113 301 1168 delita
317 1130 334 1165 a
352 1113 476 1249 Juliczrssde
495 1114 682 1167 Saintfienois
701 1114 728 1167 iu
750 1116 892 1167 ,dmiccc
903 1117 935 1167 de
946 1116 1110 1167 Hende'srte
1126 1118 1220 1181 repnte
1236 1118 1271 1169 de
1282 1117 1414 1185 Retpiqee,

190 1202 258 1250 uror,
268 1196 364 1257 xxttt,
375 1213 401 1265 p.

670 1358 936 1369 ---.

485 1616 696 1730 appendix
726 1616 777 1704 sd
800 1619 881 1704 cod.
918 1619 1119 1707 7487-91.

282 1870 320 1914 uu
340 1871 367 1915 s
388 1870 523 1914 susurro
545 1870 593 1914 mo
615 1871 828 1915 resource.
850 1852 929 1933 (Cir.
950 1872 1061 1934 supra,
1082 1872 1156 1935 pag.
1178 1854 1229 1929 73,
1253 1854 1334 1936 20⁰.)

265 2054 396 2125 lnctptt
414 2054 582 2125 pmauo
601 2055 639 2112 tn
658 2054 739 2114 utta
758 2056 877 2114 sanctt
896 2069 943 2115 ac
962 2056 1166 2115 beettssmt
1186 2054 1349 2127 Sulplctt,

417 2152 574 2225 episcopt
593 2155 632 2213 et
651 2155 865 2214 commus-ts
884 2155 1056 2215 Btturtcae
1076 2153 1192 2213 urhts.

238 2343 270 2397 t.
292 2342 448 2411 Scriptum
464 2343 547 2396 vitam
560 2343 648 2396 sancti
666 2360 698 2396 ac
711 2343 860 2397 beatissimi
878 2343 990 2412 Sulpicii
1007 2343 1137 2411 episcopi.
1150 2344 1347 2399 illustratorem
1363 2344 1419 2413 ejus

194 2440 323 2509 Spiritum
342 2445 466 2493 sanctum
479 2440 562 2494 corde
579 2440 691 2508 tlagito¹
707 2441 813 2505 humili,
824 2458 888 2510 quo,
899 2440 1018 2510 demptis
1034 2440 1183 2494 sceleribus
1201 2442 1316 2503 cunetis,
1333 2441 1420 2509 largiri

195 2540 320 2609 «liquetur
331 2539 487 2593 facundiam
504 2538 611 2593 menti²
622 2539 773 2600 scribentis.
784 2541 839 2593 ut⁸
855 2540 948 2593 audita
964 2544 1046 2607 atque
1060 2537 1131 2592 tecta
1147 2555 1249 2608 queam
1262 2540 1353 2609 dignis
1364 2556 1420 2608 pro·
1435 2558 1452 2601 ι

195 2655 270 2693 rnere
280 2640 378 2693 uerbis
387 2639 470 2707 Cujus
479 2637 649 2692 venerabiles
660 2643 737 2691 actus
745 2639 829 2691 nimia
838 2639 1000 2707 antiquitate
1009 2639 1112 2698 aboliti.
1119 2640 1156 2692 ab
1164 2640 1313 2694 bominum
1322 2656 1421 2695 memo·

195 2740 236 2793 ria
248 2740 355 2808 plenitus
366 2744 431 2791 suut
441 2738 539 2792 abrasi.
552 2739 582 2791 ln
593 2738 713 2806 quodam
730 2739 863 2792 mendoso
882 2754 994 2807 prorsus
1012 2739 1119 2807 repperi
1136 2740 1247 2794 codiee:
1267 2740 1345 2809 quod
1361 2741 1422 2794 huic

197 2838 314 2893 inserere
326 2836 425 2891 melius
436 2837 519 2890 malui
531 2836 656 2890 scedula.
671 2837 759 2905 Hujus
776 2853 840 2905 ergo
857 2839 1022 2892 sanctissimi
1041 2839 1156 2892 virtutes
1173 2855 1352 2909 nequaquam
1369 2846 1424 2893 teu·

196 2938 261 2993 tabo
273 2954 386 2991 exarare
398 2952 508 3000 omnes;
518 2936 567 2990 sed
584 2937 703 3004 pandam
720 2937 813 3004 paucis
829 2953 891 3005 qua
903 2937 971 2991 milri
991 2938 1169 2992 innotuerunt
1186 2938 1293 3007 pagine
1312 2946 1424 2993 veteres

196 3037 288 3091 Sancti
308 3036 410 3091 etenim
431 3037 560 3104 praeclara
579 3052 629 3088 sua
648 3035 732 3089 latere
749 3036 847 3089 merita
864 3036 970 3089 malunt
985 3053 1069 3104 quarn
1090 3053 1140 3105 per
1159 3037 1425 3092 fallacium'tarores

197 3136 321 3192 dittundi.
341 3136 462 3189 Obsecro
481 3142 574 3189 autem
592 3136 643 3188 ista
659 3134 777 3189 lecturos
794 3152 829 3189 ne
846 3136 912 3204 quid
929 3136 974 3189 hic
991 3136 1092 3204 leporis
1109 3136 1259 3205 requirant,
1276 3154 1375 3192 verum
1391 3138 1426 3191 ab

199 3232 279 3287 inerti
298 3234 310 3267 ⁴
334 3232 436 3301 scripta
452 3250 516 3287 vera
533 3233 661 3303 relegant.
680 3229 837 3303 Explicit
855 3231 1035 3303 praefatlo.

200 3436 330 3509 Inctptt
356 3436 437 3495 utta
460 3434 579 3495 nacti
603 3450 648 3497 ac
666 3437 868 3498 besttsstmt
892 3437 1050 3510 Sulpico,
1072 3438 1230 3511 episcopt
1253 3440 1427 3502 Btturteae

260 3537 374 3597 urbm.
398 3536 507 3609 cutus
528 3536 750 3597 sollemnitas
769 3539 941 3598 recotttun
960 3541 1058 3598 xv1⁰
1080 3541 1138 3598 Kt.
1162 3540 1369 3601 seumsru.

241 3728 276 3789 2.
293 3730 355 3786 l'uit
364 3729 444 3799 igitur
455 3727 618 3783 venerabilis
626 3729 766 3782 confessor
775 3728 883 3782 Domini
893 3728 1027 3796 Sulpicius
1036 3729 1128 3783 Gallice
1141 3730 1289 3798 provincia)
1299 3732 1429 3801 urbisque

201 3830 327 3885 llituricee
338 3834 458 3893 exortus,
469 3828 569 3883 nobilis
583 3826 693 3896 quidem
705 3842 812 3895 genere,
824 3826 871 3879 sed
883 3825 971 3880 multo
984 3826 1102 3880 nobilior
1113 3827 1176 3881 fidei
1185 3827 1320 3895 dignitate
1330 3830 1348 3881 ¹.
1358 3829 1431 3883 luter

201 3929 367 3983 suosclarus
377 3944 410 3981 ac
426 3927 511 3981 divini
527 3925 649 3981 muneris
665 3924 752 3995 qratia
768 3926 923 3980 habebatur
940 3926 1100 3995 principuus.
1118 3926 1206 3995 Hujus
1223 3927 1327 3997 quippe
1345 3926 1432 3981 sancti

203 4027 253 4081 viri
271 4026 386 4081 inluntia
404 4026 488 4079 sacris
508 4023 670 4094 quibusdum
692 4023 886 4077 miraculorum
907 4023 1012 4077 indiciis
1031 4024 1216 4093 praefulgebat,
1236 4024 1328 4078 Sacris
1348 4025 1431 4079 etiam

203 4126 390 4181 sacerdotibus
399 4125 514 4179 traditus
522 4129 572 4188 est,
580 4122 677 4176 litteris
688 4122 860 4177 erudiendus.
867 4121 989 4189 Quorum
1002 4121 1126 4176 instituta
1138 4129 1221 4191 atque
1234 4123 1297 4176 vitre
1308 4124 1432 4177 honeste

206 4224 326 4279 imitatus
343 4224 477 4292 exempla,
493 4224 552 4277 Deo
567 4221 677 4289 auspice
694 4220 741 4289 qui
758 4237 821 4274 eum
839 4221 1008 4290 previdebat
1022 4238 1071 4274 vas
1088 4220 1229 4275 electionis
1247 4222 1380 4287 futurum,
1398 4222 1432 4277 ed

205 4341 340 4381 ιιιιιιιιιιιιιιι
354 4324 478 4393 pervenit
489 4320 626 4393 religionis
639 4336 772 4374 normam.
784 4320 852 4374 Cum
864 4320 953 4374 atatis
964 4337 1030 4374 vero
1042 4326 1190 4389 augurento
1199 4321 1341 4375 crescebat
1351 4322 1434 4376 totius

241 4550 316 4609 ent.
330 4580 360 4593 -
379 4554 388 4587 ¹
401 4553 561 4615 (Verinntcs
574 4552 696 4605 lectiones
707 4558 770 4604 curre
781 4551 880 4604 codicis
893 4550 982 4603 Broc.
993 4548 1122 4614 otoo-37.)
1136 4547 1263 4616 imploro.
1276 4575 1308 4587 -
1321 4548 1374 4613 ut.
1386 4548 1434 4613 m.)

209 4654 244 4692 ιιι.
257 4636 274 4691 t.
285 4636 336 4673 ·-⁸
348 4641 383 4689 ct.
396 4636 448 4673 --t
460 4634 573 4689 inertia.

241 4716 348 4773 uma
399 4718 408 4753 ¹
421 4718 458 4783 (u.
471 4717 489 4771 t.
500 4716 537 4779 (l.)
550 4717 569 4770 t.
578 4731 605 4770 n.
616 4715 769 4769 sanctitate.
