3270 5400
371 370 465 422 arec.
483 369 566 422 aaa.
583 344 759 421 eauxsni.
778 391 825 401 —
844 369 993 421 Arason.
1012 370 1059 420 an
1076 371 1156 422 con.
1175 362 1214 421 ΝΟ
1232 370 1308 422 reos.
1393 351 1461 423 133

325 561 391 633 320
414 560 502 634 Vita
519 562 638 635 nearae
646 561 805 634 Julianae
814 561 969 654 virginis
978 568 1015 636 ct
1024 561 1200 654 martyris
1210 568 1260 655 (p.
1270 564 1459 655 aue-619).

257 690 339 744 Edita
350 690 424 755 inid,
435 690 470 744 ad
482 692 507 744 d.
521 690 553 744 16
564 691 650 757 Febr,
661 708 687 760 p.
698 691 749 745 873
765 680 825 760 squ.
835 721 860 730 -
883 692 939 748 Sed
951 692 979 745 in
991 693 1051 746 cod.
1063 692 1158 745 multae
1171 698 1320 746 occurrunt
1330 691 1461 747 lectiones

221 789 374 843 variantes.

707 967 976 979 *—

571 1221 783 1335 Appendix
807 1221 858 1308 ad
884 1221 966 1308 cod.
997 1223 1112 1311 7808.

338 1468 377 1510 ns
399 1467 516 1511 seuera
539 1467 716 1512 annuemus
738 1469 819 1512 virro.
843 1449 920 1532 (Cir.
944 1469 1053 1531 supra,
1076 1470 1149 1531 pag.
1176 1451 1242 1526 132,
1266 1449 1343 1528 23⁰.)

259 1659 412 1711 Pastorem.
429 1662 446 1711 4
464 1661 495 1711 in
512 1660 568 1711 cod.
585 1659 637 1711 lroec
654 1661 782 1725 teporatur
802 1661 841 1728 (p.
859 1664 917 1724 421,
935 1663 982 1713 col.
1004 1666 1027 1725 1,
1047 1662 1124 1713 lin.5
1142 1680 1158 1714 o
1175 1664 1246 1727 fine·
1255 1681 1281 1728 μ.
1294 1666 1351 1727 422,
1369 1666 1417 1715 col.
1433 1670 1458 1727 2,

223 1759 274 1809 lira
291 1761 309 1809 7
325 1776 343 1828 ᾳ
359 1759 428 1823 tine)
446 1776 456 1810 .·

258 1855 335 1910 Tunc
352 1862 481 1909 matrona
500 1856 656 1924 supradicta
676 1856 788 1910 Bertilia
809 1857 885 1910 misit
904 1858 1016 1911 nuntios
1036 1874 1102 1910 suos
1114 1859 1147 1910 ad
1166 1860 1363 1912 monasterium
1384 1861 1457 1926 quod

225 1953 413 2009 diciturllons
425 1955 599 2013 castrilocus,
612 1955 646 2008 ad
658 1955 744 2008 liliam
762 1972 841 2009 suam
859 1956 1073 2019 waldetrudem,
1086 1963 1116 2010 ut
1133 1973 1256 2010 sororem
1275 1974 1353 2011 suam
1373 1963 1457 2011 trans·

193 2061 210 2107 t
227 2053 348 2109 mitteret
364 2057 399 2109 ad
410 2072 482 2120 eam,
494 2056 595 2110 timens
606 2073 641 2109 ne
653 2073 714 2111 eam
726 2074 743 2109 a
755 2058 847 2111 seculo
860 2057 1038 2111 exalienare*
1051 2057 1191 2111 debuisset
1202 2063 1230 2111 et
1241 2059 1456 2112 sacratissimum
1515 2060 1528 2085 '⁶
1537 2065 1573 2136 'a
1584 2075 1626 2110 neo

231 2153 444 2224 velamensupcr
461 2161 544 2225 caput
553 2157 611 2224 ejus
620 2173 723 2225 ponere
733 2158 872 2211 voluisset.
885 2158 946 2224 Quo
959 2157 1062 2220 audito,
1072 2158 1178 2211 famula
1188 2158 1288 2212 Christi
1298 2175 1362 2212 cum
1375 2160 1457 2212 hene·
1532 2132 1629 2176 '‘m‘m

235 2250 348 2306 dictione
363 2255 466 2308 dimisit
487 2256 619 2323 virginem
637 2262 760 2309 sanctam
779 2257 976 2325 Aldepundcm,
997 2257 1032 2310 ad
1050 2257 1217 2310 visitandum
1235 2275 1314 2311 suam
1332 2264 1458 2320 matrem,

240 2349 377 2418 deprecans
388 2372 450 2408 eam
460 2360 490 2408 ut
502 2373 519 2407 a
527 2355 620 2409 seculo
632 2373 661 2408 se
673 2356 757 2409 faciat
768 2356 886 2409 alienam
899 2361 927 2409 et
939 2328 1018 2409 ciliis
1029 2362 1213 2409 reverteretur
1224 2358 1259 2409 ad
1271 2358 1458 2426 supradictum

245 2453 391 2506 cononum.
401 2454 471 2507 Cum
484 2456 654 2522 pervenisset
666 2456 745 2508 beata
763 2455 931 2524 aldegundis
943 2455 970 2507 in
983 2455 1043 2508 loco
1056 2461 1214 2523 nuncupato
1224 2456 1314 2508 Curtis
1326 2456 1401 2519 Orto,
1411 2458 1457 2510 ubi

206 2547 232 2594 ld
248 2555 325 2602 mater
339 2569 383 2606 sua
399 2554 569 2617 morabatur,
582 2554 680 2608 cecidit
697 2555 732 2607 ad
750 2556 832 2624 pedes
850 2556 917 2622 ejus,
935 2555 1085 2622 deprecans
1097 2571 1160 2608 cum
1174 2555 1293 2608 lacrimis
1311 2572 1372 2609 eam
1389 2562 1419 2609 ut
1431 2558 1459 2609 in

252 2644 386 2705 habitaculo
402 2654 477 2722 quod
496 2658 555 2706 erat
573 2654 736 2707 aedificatum
755 2654 834 2722 juxta
852 2653 994 2707 ecclesiam
1012 2654 1064 2706 sibi
1084 2655 1162 2706 daret
1174 2654 1311 2707 licentiam
1325 2655 1457 2713 habitare.

257 2742 332 2799 dicens
345 2766 393 2804 non
410 2768 471 2804 csse
488 2768 639 2819 congruum
657 2768 687 2804 sc
704 2768 867 2805 conversare
886 2752 957 2804 inter·
974 2751 1113 2804 consortia
1131 2751 1298 2804 virorum-ac
1311 2752 1457 2806 mulierum

261 2845 399 2903 secularium.
410 2851 488 2903 Tunc
498 2849 621 2904 indicans
632 2850 754 2919 genitrici
768 2868 824 2904 sum
842 2851 876 2903 de
887 2851 1033 2903 sanctitate
1045 2850 1147 2904 sororis
1159 2866 1215 2902 suae
1234 2850 1419 2904 waldetrudis
1431 2857 1458 2905 et

263 2938 594 3017 desanctareligioncquam
605 2950 728 3018 quotidie
740 2950 856 3026 docebat
874 2949 987 3002 ancillas
999 2949 1110 3003 Domini
1122 2951 1156 3002 de
1169 2949 1262 3003 seculo
1275 2967 1292 3003 a
1304 2967 1333 3003 se
1345 2967 1456 3003 conver-

228 3031 253 3079 ¹⁵
264 3042 363 3098 ascum
374 3055 463 3102 autern
481 3048 602 3102 audisset
619 3054 708 3102 mater
726 3049 791 3102 talia
809 3049 900 3112 verba,
917 3048 986 3101 irata
999 3054 1039 3101 est
1058 3054 1085 3100 ct
1103 3048 1189 3101 voluit
1202 3066 1262 3101 eam
1277 3049 1456 3117 disciplinare,

266 3139 324 3199 crui
333 3146 392 3200 nala
405 3149 511 3217 egisset
523 3147 609 3200 Beata
620 3147 696 3216 virgo
713 3147 881 3216 aldegundis
899 3148 1033 3216 patienter
1045 3147 1175 3200 sustinuit
1188 3147 1281 3201 omnia
1299 3164 1359 3216 quae
1377 3164 1458 3215 passe

267 3229 325 3290 luita
334 3250 413 3307 matre,
424 3246 514 3300 sciens
526 3246 657 3314 scriptum
671 3246 698 3299 in
715 3246 879 3314 Evangelio:
898 3248 1062 3299 l’aticrrtiam
1074 3248 1140 3298 liobe
1154 3249 1180 3298 iu
1200 3265 1248 3311 rire,
1261 3256 1282 3299 ct
1295 3251 1386 3299 orricio
1398 3249 1457 3298 red·

268 3330 313 3384 dam
321 3342 433 3399 titillem
448 3347 476 3398 in
485 3345 608 3414 psalmo:
622 3347 741 3413 Expecto
753 3348 910 3409 Deliciarum,
921 3348 1038 3398 viriliter
1048 3363 1096 3411 ape
1108 3353 1132 3398 et
1140 3347 1308 3410 corisortctcr·
1317 3362 1363 3397 cor
1372 3353 1458 3407 trium,

268 3435 371 3493 etudine
381 3445 532 3498 Dominum.

230 3519 256 3570 ω
291 3526 349 3589 Tunc
362 3541 428 3598 dedit
445 3545 470 3597 ei
488 3544 649 3598 linteamina
666 3543 784 3611 optima;
800 3543 880 3611 jussit
898 3548 928 3595 nt
946 3543 1109 3596 vestimenta
1126 3543 1265 3611 sponsalia
1283 3549 1456 3611 praepararet.

269 3625 401 3696 intensam
416 3645 542 3712 proximo
553 3643 756 3697 nobilissimum
775 3644 864 3696 virum
882 3643 947 3695 dare
961 3643 987 3694 ln
1005 3642 1173 3711 conjugium.
1190 3642 1239 3694 llla
1258 3658 1324 3694 vero
1342 3658 1456 3709 pergens

269 3722 307 3777 cito
320 3730 343 3786 io
356 3737 533 3796 habitaculum
550 3743 629 3810 juxta
647 3741 806 3803 oratorium,
818 3742 884 3795 lecit
902 3757 965 3794 cum
982 3741 1081 3809 gaudio
1101 3741 1134 3792 de
1147 3739 1310 3808 supradictis
1322 3740 1455 3792 linteami-

270 3818 328 3878 uibus
340 3833 408 3898 albas,
424 3840 496 3894 unde
517 3840 629 3893 solebat
647 3840 747 3892 vestire
763 3856 826 3892 curn
846 3839 976 3907 dignitate
996 3839 1147 3906 baptizatos
1166 3855 1214 3906 pro
1234 3855 1328 3891 arnore
1347 3838 1455 3900 Christi,

270 3917 385 3988 unieris
395 3954 508 4007 sponsus
519 3940 548 3992 in
560 3940 619 4008 ejus
630 3943 740 4008 pectore
758 3938 896 3992 manebat.
905 3938 981 3991 Tunc
994 3938 1074 4006 coepit
1086 3938 1168 3990 beata
1181 3939 1256 4005 virgo
1267 3936 1350 3989 tristis
1360 3953 1419 3989 esse
1429 3942 1456 3989 et

232 4010 258 4058 ³⁵
271 4014 358 4087 “nitere
366 4049 456 4105 corpus
467 4053 557 4100 suum,
568 4038 669 4090 timens
680 4053 710 4090 se
722 4037 877 4089 exalienare
896 4037 929 4088 de
941 4035 1072 4088 societate
1084 4039 1240 4088 sanctarum
1254 4035 1398 4103 virginum,
1411 4034 1455 4086 die

272 4119 373 4190 ”mulie
385 4132 529 4202 deprecans
540 4133 689 4187 Dominum
702 4150 763 4186 cum
776 4133 903 4189 lacrimis.
914 4137 943 4185 ut
961 4132 985 4185 ei
1004 4133 1137 4185 Dominus
1150 4133 1264 4184 donaret
1283 4130 1416 4184 auxilium
1428 4135 1455 4182 et

273 4208 439 4285 alllllloriumdc
450 4238 507 4287 tam
522 4216 639 4286 seculari
656 4248 758 4301 sponso
770 4248 853 4301 quern
870 4230 921 4284 sibi
938 4236 1028 4284 mater
1045 4231 1103 4284 dari
1121 4230 1256 4299 cupiebat.
1274 4230 1455 4298 Omnipotens

274 4303 371 4376 nonina
377 4331 507 4385 exaudivit
515 4347 610 4400 preces
621 4331 731 4385 lamulae
740 4347 796 4384 sure
806 4331 878 4384 circa
887 4332 900 4361 *
909 4330 1019 4398 nuptias
1027 4347 1097 4398 quas
1105 4335 1195 4383 mater
1204 4346 1287 4398 supra
1296 4327 1453 4396 quindceim
1540 4333 1554 4362 ⁸
1566 4348 1616 4383 voc

274 4402 506 4485 ffissfacerevolebat
517 4451 524 4485 ε
536 4431 565 4484 in
581 4429 676 4484 multis
688 4430 784 4484 diebus
801 4430 879 4483 illum
894 4430 1026 4498 juvenem
1045 4446 1101 4482 non
1121 4429 1195 4493 vidit,
1208 4429 1251 4481 cui
1270 4427 1355 4480 filiam
1375 4444 1451 4480 suam
1512 4400 1633 4465 “mm‘'

236 4497 261 4548 ω
274 4499 316 4557 ⁶⁸¹5
324 4518 425 4584 ellllebat
435 4527 464 4582 in
474 4527 641 4597 conjugium.

298 4599 425 4675 stenem?
435 4630 473 4679 lta
489 4626 545 4679 cod.
555 4626 594 4692 (p.
604 4628 662 4689 424,
673 4627 720 4678 col.
728 4629 753 4690 2,
766 4626 814 4678 lin.
826 4630 842 4677 3
855 4642 872 4677 α
879 4626 932 4690 fine
942 4652 951 4661 ·
956 4642 986 4690 p.
996 4627 1053 4687 427,
1065 4626 1113 4676 col.
1124 4630 1142 4675 2
1152 4626 1234 4686 med.)
1247 4643 1255 4675 :

298 4695 356 4761 'lum
367 4721 434 4788 eupit
452 4728 579 4778 matrona
597 4722 709 4777 Bertilia
726 4728 859 4791 aegrotare
876 4722 1007 4790 languore
1026 4721 1127 4784 valido;
1146 4722 1255 4774 vocavit
1272 4723 1356 4774 filiam
1375 4740 1453 4775 suam
