3270 5400
312 354 404 406 suen.
423 353 505 407 nuc.
523 354 696 407 samam.
715 376 761 387 —
780 355 1141 411 con.n.rn1nn.ooor.
1275 336 1346 409 517

114 545 185 599 dinis
196 544 385 614 sollempniter
402 544 554 609 celebratis,
572 561 621 613 per
635 543 757 613 singulos
777 561 865 599 annos
882 561 934 599 usu
952 545 1062 614 quidem
1081 550 1189 600 tantum
1208 550 1347 600 reservato

114 643 204 699 colere
216 643 366 708 consuevit,
378 643 480 713 quippe
492 659 547 697 non
560 644 644 697 modo
657 642 793 712 contiguis
811 659 908 698 verum
926 643 1006 714 longe
1024 643 1120 713 positis
1137 644 1295 714 regionibus
1312 645 1348 698 ad

114 741 300 811 tantaegloriae
312 758 444 811 pompam
455 743 616 797 catervatim
635 741 837 797 confluentibus
855 743 933 796 etad
951 742 1107 812 sepulcrum
1126 743 1200 797 beati
1212 743 1348 813 pontilicis

113 841 160 910 pia
170 841 244 894 dona
256 840 414 895 serentibus.

81 951 96 1000 t
155 937 190 996 9.
213 938 269 993 Nos
281 939 362 1008 igitur
370 953 434 991 cum
446 936 603 1006 vulgaribus
614 938 766 1006 turmisque
779 942 844 991 vota
855 937 976 992 seramus
985 938 1067 991 etiam
1079 938 1171 1002 hodie,
1182 939 1289 1003 fratres,
1298 955 1348 1007 pro

114 1037 273 1106 segnisque
289 1050 438 1102 pensemus
458 1038 486 1087 el
503 1037 533 1086 ut
550 1036 634 1086 tantm
651 1032 779 1086 efficaciae
791 1038 961 1102 precatorem
973 1034 1046 1103 apud
1057 1033 1210 1087 districtum
1227 1033 1348 1101 judicem

113 1135 217 1189 habere
234 1132 380 1203 possimus,
392 1130 444 1199 piis
455 1129 616 1183 muneribus
633 1130 693 1199 ejus
707 1130 922 1185 benivolentiam
934 1147 1113 1184 emercemur.
1125 1130 1165 1185 Ne
1177 1130 1239 1199 quis
1254 1134 1348 1184 autem

114 1238 162 1289 aut
179 1246 277 1300 parum
289 1235 338 1284 aut
354 1229 423 1282 nihil
435 1245 465 1282 se
476 1229 579 1282 habere
591 1229 665 1297 quod
682 1229 781 1282 offerat
793 1229 872 1285 dicat.
885 1229 979 1283 audiat
990 1229 1101 1298 Moysen
1113 1230 1148 1283 ad
1159 1230 1231 1284 tilios
1243 1228 1348 1283 Israhel

114 1331 323 1385 concionantem
339 1352 344 1378 :
360 1330 371 1353 ⁸
385 1327 498 1389 Sumite,
518 1326 644 1395 inquito
661 1327 741 1382 vobis
758 1328 825 1396 ipsis
843 1327 1062 1396 redemptionem
1080 1329 1232 1393 Domino,
1248 1328 1348 1396 Aperte

66 1442 96 1491 io
114 1428 245 1483 nimirum
260 1429 402 1482 insinuans
413 1442 469 1480 non
482 1430 559 1480 tanto
571 1442 633 1495 quae
646 1432 731 1492 extra,
748 1431 852 1495 quanto
871 1443 904 1481 ea
920 1443 983 1495 quae
1002 1427 1073 1480 intra
1092 1443 1143 1481 nos
1160 1431 1232 1490 sunt,
1249 1431 1280 1481 ut
1299 1442 1349 1481 vos

114 1528 214 1582 melius
231 1527 326 1591 nostis,
338 1543 355 1580 u
372 1525 490 1581 Domino
503 1526 684 1594 comprobari.
696 1526 758 1579 lam
777 1543 842 1580 vero
855 1527 1043 1596 unusquisque
1054 1543 1133 1581 suam
1146 1526 1273 1580 discutiat
1284 1541 1349 1580 con·

115 1627 259 1681 scientiam
273 1645 279 1680 :
292 1630 319 1679 el
328 1627 351 1680 si
364 1625 434 1679 forte
452 1625 481 1678 in
496 1624 588 1679 animo
604 1624 687 1695 leprae
699 1625 910 1694 deprehenderit
923 1626 1083 1688 feditatem,
1094 1642 1205 1679 currens
1217 1626 1252 1679 ad
1265 1624 1349 1679 medi·

116 1742 177 1780 cum
196 1725 299 1793 flagitet
315 1725 485 1792 sospitatem.
503 1724 530 1777 Si
548 1727 641 1778 autern
662 1725 753 1792 aliqua
773 1725 888 1778 senserit
909 1741 938 1778 se
953 1725 1074 1779 caecitatc
1094 1724 1188 1790 teneri,
1208 1740 1271 1778 cum
1290 1723 1350 1792 ipso

116 1824 199 1878 etium
212 1840 292 1888 caeco,
304 1839 386 1891 quem
400 1823 481 1891 paulo
494 1823 619 1892 superius
630 1824 758 1889 diximus,
772 1823 901 1892 imploret
912 1824 982 1878 tanti
991 1824 1043 1878 viri
1054 1824 1194 1888 auxilium,
1204 1828 1235 1877 ut
1246 1821 1350 1876 meritis

69 1936 99 1985 tn
117 1924 177 1992 ejus
190 1922 350 1977 interiorum
363 1938 444 1991 opem
456 1922 570 1991 recipiat
581 1923 731 1977 oculorum.
744 1923 846 1991 Siquis
860 1939 924 1977 vero
937 1923 1045 1977 incaute
1057 1923 1180 1977 incidens
1192 1922 1271 1976 dolos
1282 1921 1351 1976 anti·

117 2021 164 2090 qui
176 2020 289 2089 aucupis
301 2020 417 2074 vinculis
428 2026 603 2089 peccatorum
615 2038 644 2075 se
656 2022 816 2089 cognoverit
828 2022 936 2085 irretiri,
949 2022 1049 2075 clamet
1067 2022 1102 2075 ad
1119 2026 1266 2091 pastorem,
1278 2021 1351 2089 inge·

118 2120 207 2173 minet
219 2136 321 2189 preces,
331 2136 382 2173 nec
393 2120 504 2189 longum
514 2120 582 2174 fides
594 2137 659 2174 vera
677 2125 719 2174 est
731 2120 902 2175 dissolvetur.
912 2121 1069 2175 Notandum
1078 2137 1144 2175 vero
1154 2121 1230 2189 quod
1241 2121 1312 2174 sicut
1323 2119 1351 2173 in

117 2219 172 2272 hoc
182 2219 274 2273 seculo
288 2219 386 2272 beatus
403 2219 526 2288 pontifex
539 2236 659 2284 versans,
671 2236 753 2288 super
769 2220 933 2274 miserorum
946 2219 1129 2274 desolationes
1141 2218 1352 2274 misericorditer

118 2317 425 2381 movebatur,itaetiam
434 2319 524 2373 adhue
532 2319 575 2387 pie
585 2318 740 2387 petentibus
747 2319 879 2372 orationis
887 2325 997 2389 praestat
1005 2319 1351 2389 ellectumCujuscumque

69 2428 102 2479 το
120 2416 223 2469 etenim
235 2416 374 2470 infortunii
387 2433 481 2471 casum
493 2417 596 2471 dedens
607 2418 673 2471 totis
686 2416 833 2471 visceribus
844 2419 878 2471 nd
894 2418 1098 2472 invocationem
1111 2417 1153 2472 sui
1163 2418 1283 2472 nominis
1295 2418 1351 2472 illa·

120 2513 225 2578 crimat,
243 2530 294 2569 nec
312 2516 424 2569 dubium
445 2520 545 2584 optutae
563 2516 759 2570 consolationis
775 2520 896 2570 meretur
914 2516 1055 2581 auxilium,
1073 2517 1107 2571 de
1124 2534 1242 2571 moerore
1260 2532 1352 2571 eonse-

120 2613 214 2682 quitur
232 2614 371 2681 gaudium.
390 2614 445 2668 Nec
465 2615 534 2669 fallit
552 2631 615 2684 ergo
635 2596 755 2684 vulgaris
775 2615 876 2684 opinio,
897 2632 947 2669 nec
967 2633 983 2669 a
1004 2616 1120 2670 veritate
1140 2616 1274 2681 desciscit,
1291 2633 1352 2686 qum

120 2717 227 2766 mutatu
238 2711 331 2767 littera
351 2714 588 2781 Gaugericum
613 2715 713 2768 ducere
722 2714 872 2779 consuevit,
883 2715 981 2784 quippe
990 2715 1037 2785 qui
1047 2716 1125 2784 pulso
1135 2731 1253 2770 moerore
1262 2716 1353 2770 dolen·

121 2809 196 2863 tibus
204 2810 323 2878 gaudere
336 2810 486 2864 consuevit.

70 2923 103 2973 ει
164 2907 219 2964 10.
242 2905 358 2960 Oremus
367 2923 440 2976 ergo.
449 2905 627 2971 dilectissimi,
639 2911 722 2960 tantae
734 2907 843 2961 virtutis
855 2908 1025 2977 episcopum,
1033 2907 1193 2963 invocemus
1202 2908 1284 2963 simul
1297 2924 1353 2963 uno

120 3007 241 3061 clamore
253 3010 409 3073 patronum,
421 3019 456 3056 ne
468 3019 534 3056 oves
545 3003 659 3067 deserat,
672 3005 721 3058 sed
732 3020 842 3073 semper
854 3005 889 3058 ab
904 3005 1016 3059 inimica
1027 3004 1201 3059 infestatione
1211 3005 1353 3068 defendat;

121 3106 156 3160 ad
175 3105 306 3159 thronum
328 3103 412 3172 patris
432 3118 482 3171 pro
502 3102 582 3157 nobis
603 3104 708 3157 deferat
728 3121 830 3173 preces,
848 3110 995 3173 oratorque
1007 3104 1214 3159 efficacissimus
1226 3105 1355 3173 impetret

121 3205 230 3261 veniam
242 3206 427 3273 peccatorum.
438 3201 505 3270 Spes
517 3202 619 3256 etenim
631 3202 713 3256 nobis
729 3208 856 3271 superest
867 3209 949 3267 certa,
968 3205 1043 3271 quod
1061 3204 1162 3257 nostris
1180 3204 1286 3258 meritis
1297 3219 1354 3258 non

120 3320 275 3374 possumus,
284 3301 343 3371 ipso
357 3300 554 3354 interveniente
565 3302 672 3355 mereri.
680 3302 824 3356 Postremo
833 3303 916 3356 etiam
925 3303 979 3358 hoc
988 3302 1175 3372 imploremus,
1184 3308 1215 3357 ut
1224 3303 1355 3371 quemad·

73 3415 103 3464 so
122 3404 236 3456 modum
248 3418 299 3455 sua
310 3400 458 3454 festivitate
468 3401 619 3468 gaudemus
631 3401 659 3453 in
671 3402 758 3463 terris,
776 3403 815 3455 sic
834 3407 861 3455 et
872 3418 923 3455 nos
935 3402 1040 3456 meritis
1051 3404 1109 3456 suis
1121 3407 1148 3455 et
1160 3402 1204 3469 pia
1217 3402 1354 3456 interven·
1435 3436 1442 3450 .

122 3502 197 3555 tione
213 3505 275 3569 post
286 3498 483 3554 resolutionem
500 3515 654 3567 corporum,
666 3499 772 3568 gaudiis
785 3516 879 3553 secum
890 3500 984 3568 patriae
996 3500 1078 3554 faciat
1092 3501 1223 3553 interesse
1232 3500 1354 3554 caelestis.

122 3600 203 3668 Quod
212 3603 339 3668 praestnre
357 3597 483 3667 dignetur
494 3602 588 3667 pastor
605 3603 745 3667 pastorum
758 3598 892 3651 Dominus
912 3604 1005 3652 noster
1015 3599 1094 3652 Jesus
1112 3598 1245 3664 Christus,
1257 3599 1301 3651 cui
1313 3602 1354 3653 est

122 3715 186 3754 cnm
195 3698 275 3752 Patre
287 3703 314 3751 et
323 3697 424 3767 Spiritu
435 3702 530 3751 sancto
543 3697 642 3762 honor,
650 3696 711 3751 laus
720 3700 747 3750 et
758 3696 845 3789 glorio
854 3697 883 3751 in
894 3697 987 3751 secula
998 3697 1161 3751 seculorum.
1174 3699 1271 3752 Arnen.

125 4101 342 4192 GGXXXII.
367 4102 492 4190 dodon
517 4101 623 4213 opud
649 4101 697 4189 D.
724 4100 926 4214 Phillipps
952 4103 1136 4212 signatus
1162 4118 1206 4188 n⁰
1230 4101 1353 4191 9307.

157 4323 296 4378 Foliorum
305 4323 353 4378 179
361 4338 424 4377 cum
436 4319 580 4390 adjectitiis
589 4320 696 4373 duobus
705 4319 784 4373 initio
793 4319 903 4386 codicis,
912 4321 1009 4375 formae
1019 4322 1118 4375 mediae
1126 4280 1367 4389 (0“’,339><0,9Ῑὸ),ι

125 4423 248 4478 maxilua
269 4427 346 4492 parte
366 4423 403 4488 (l)
423 4419 494 4473 binis
514 4418 657 4482 columnis
677 4418 756 4472 lineis
776 4419 909 4487 graplride
928 4419 1018 4473 ductis
1037 4436 1092 4474 una
1112 4436 1196 4474 manu
1219 4436 1273 4475 sec.
1294 4420 1357 4475 Xlll

125 4524 237 4577 ineunte
248 4521 333 4576 nitide
345 4523 482 4583 exaratus,
491 4517 601 4586 insuper
610 4517 666 4571 tere
675 4517 788 4585 singulis
797 4518 870 4572 foliis
880 4518 917 4583 (t)
930 4518 1051 4588 inscripti
1063 4524 1128 4573 sunt
1139 4519 1255 4573 numeri.
1274 4519 1359 4573 Tituli

159 4719 241 4789 (1)Δ
261 4718 328 4774 lolio
348 4718 408 4771 Πᾶν
427 4715 507 4771 linere
526 4719 591 4769 sunt
611 4714 706 4783 plenae.
726 4745 758 4753 —
779 4715 817 4784 (d)
836 4713 917 4769 Nullo
938 4732 1054 4771 numero
1077 4717 1184 4786 signata
1205 4722 1271 4771 sunt
1295 4733 1358 4773 cum
