3270 5400
70 2876 82 2904 *
92 2877 147 2929 cod.

30 2941 186 2997 arcersibat.

29 3959 88 4014 *In
104 3978 190 4036 rrrarq.

22 4043 76 4094 pro
89 4026 191 4080 doloris

11 4095 208 4148 deletinteatu.

66 4257 81 4288 ⁴¹
92 4256 156 4309 adri.

42 4339 124 4388 super
135 4322 184 4373 tin.

221 291 296 365 494
557 309 684 362 aaran
709 309 814 361 cono.
839 308 1115 360 moroaaaernc.

222 502 389 556 Decreverat
401 501 474 554 enim
485 499 582 569 presul
591 499 735 552 honestius
743 498 803 552 iore
813 514 926 552 cervum
938 497 977 552 illi
987 499 1149 565 concedere,
1159 516 1246 568 qnam
1258 499 1321 567 ejus
1329 501 1446 569 μηῐίίω

222 600 346 653 animum
369 600 544 653 exacerbare.
568 599 612 652 Sic
634 599 717 666 igitur
736 597 862 666 princeps
883 597 918 650 ad
939 597 1035 653 urbem
1060 598 1216 664 regreditur
1235 604 1265 653 et
1286 600 1448 668 pontilex‘m

223 698 342 751 crastino
355 714 418 750 eum
428 698 609 766 prosequitur,
616 696 779 766 complendo
789 695 855 762 aius,
864 696 935 749 sicut
944 696 1084 764 quondam
1092 696 1202 766 lloysas
1214 700 1320 752 soceris
1328 700 1448 755 consulta.

263 798 306 853 X.
331 797 473 851 Gloriosus
492 795 540 848 Dei
552 793 680 847 sacerdos
691 808 709 844 a
730 792 826 846 Gorzia
843 792 993 861 procedens
1004 791 1118 846 lietensi
1138 792 1448 863 appropinquabstnrbi,

223 914 306 967 qrram
325 895 452 948 eominus
470 891 641 960 conspiciens
653 889 723 944 iudit
742 906 836 959 preces
853 906 902 958 pro
915 905 949 943 ea
959 889 1053 943 diceus
1064 909 1072 942 ι
1083 891 1202 943 Domine
1213 891 1265 958 qui
1274 907 1331 944 uno
1340 893 1469 955 contuitur

223 998 368 1065 preterita,
389 994 524 1046 instantia
536 992 687 1057 futuraque
703 989 911 1056 comprebeadis,
923 997 947 1041 et
963 996 1079 1056 ternpore
1095 997 1193 1042 cuncto
1213 990 1348 1057 (imponis,
1363 992 1449 1057 quique

224 1096 316 1148 tribus
324 1095 423 1160 dipitis
435 1094 531 1145 molem
547 1099 627 1143 terra
647 1090 786 1156 appendis,
797 1089 846 1142 boc
856 1095 894 1141 est
904 1104 1010 1141 summa
1021 1089 1129 1141 ratiorre
1139 1105 1257 1155 mperes
1276 1092 1358 1156 repis,
1372 1091 1449 1142 nedia

226 1194 382 1246 bominibus
392 1191 529 1258 provides,
538 1190 649 1254 infirma
657 1189 780 1255 disponis
787 1189 929 1249 animalia,
938 1189 1071 1253 attinpens
1086 1205 1103 1239 a
1119 1188 1174 1252 fine
1183 1204 1272 1255 usque
1282 1190 1321 1241 ad
1330 1190 1450 1254 fineml

225 1293 320 1357 ampelo
331 1293 430 1344 seilicet
441 1306 525 1356 resque
542 1290 579 1341 acl
590 1304 704 1341 onmem
716 1290 844 1339 uniuersa
854 1287 1037 1349 dieser-ruendo,
1048 1287 1246 1353 supplicationi
1265 1303 1329 1340 enee
1335 1291 1452 1355 pruenti

222 1392 290 1458 pius
302 1391 400 1443 adeso.
414 1390 516 1441 Praesta
528 1389 694 1453 amnipotens
709 1386 841 1448 Trinitas,
852 1392 883 1437 ut
893 1386 962 1437 sicut
973 1387 1030 1438 sola
1041 1402 1082 1437 me
1098 1393 1147 1437 tua
1157 1389 1263 1451 pratia,
1271 1389 1450 1454 pnaieaim
1464 1400 1483 1448 vt

226 1488 297 1541 beati
319 1487 435 1554 apostoli
455 1487 497 1537 tui
517 1486 593 1537 Petri
612 1483 646 1536 ab
666 1499 760 1535 errore
772 1483 901 1549 diprmtus
923 1498 950 1534 es
969 1482 1085 1535 liberare
1102 1485 1208 1548 pertuli,
1224 1485 1266 1537 sic
1287 1487 1343 1549 isti,
1360 1487 1403 1538 cui
1416 1502 1450 1538 ere

226 1587 358 1640 doctorem
370 1585 434 1636 urbi
447 1585 575 1647 destinas,
587 1584 726 1635 clementer
732 1582 881 1645 subvenias,
892 1580 975 1634 corda
983 1597 1075 1633 eorum
1084 1581 1239 1635 obedientie
1247 1584 1317 1648 fidei
1326 1584 1450 1649 mbjieiae,

227 1701 349 1739 errorem
365 1684 499 1736 idolatria
508 1683 629 1734 subruas
640 1689 664 1733 et
687 1682 771 1733 retati
786 1697 804 1732 a
823 1680 894 1745 facie
911 1680 1032 1746 filiorum
1048 1681 1138 1733 lsrael
1154 1689 1254 1748 septem
1274 1683 1451 1749 Oceanitides,

229 1785 296 1836 vitia
307 1790 403 1849 septem
413 1782 586 1848 principalia
597 1780 787 1847 sipnificantes,
798 1779 984 1831 mammasti
991 1786 1090 1844 pentes,
1101 1780 1142 1831 sic
1152 1780 1244 1846 officio
1257 1783 1452 1848 predicationis

229 1880 342 1945 Christi,
352 1881 462 1946 laqueos
476 1879 579 1930 diaboli
587 1877 620 1929 ab
628 1878 712 1943 bajus
723 1877 814 1930 animo
825 1876 927 1930 dimone
939 1878 1355 1944 populi,utindesacri1ieernus
1370 1881 1452 1933 laudes
1466 1890 1485 1937 tl

228 1980 278 2032 tibi
289 1980 345 2031 Deo
364 1979 423 2030 soti.
440 1976 570 2030 Oratione
582 1976 719 2042 completa
740 1990 789 2043 per
808 1973 1005 2028 occidentalem
1025 1980 1134 2043 portam
1146 1975 1289 2045 ingresus
1306 1982 1347 2031 est
1365 1978 1451 2032 urbem

229 2079 393 2139 nostram,
428 2074 554 2127 deterens
581 2073 686 2126 nobis
703 2070 803 2125 Christi
825 2071 994 2140 mysterium,
1016 2072 1064 2139 qui
1084 2073 1210 2127 ascendit
1228 2090 1313 2143 super
1335 2092 1451 2129 occasum

228 2174 393 2227 destruendo
406 2172 502 2226 mortis
514 2170 666 2240 imperium.
675 2169 754 2223 Unde
765 2170 845 2237 quasi
853 2169 992 2237 quoddam
1005 2170 1110 2237 insigne
1129 2175 1204 2224 stat
1223 2187 1263 2225 us
1272 2189 1337 2242 que
1356 2174 1452 2227 hodie

229 2287 307 2326 crux
324 2271 380 2340 lap
392 2271 468 2324 idea
484 2287 543 2339 pro
561 2273 673 2338 ponte,
690 2268 755 2337 quia
767 2268 889 2322 creditur
902 2268 998 2322 beatus
1010 2267 1137 2322 Clemens
1153 2269 1219 2323 illac
1234 2271 1354 2325 intraaee
1368 2272 1453 2325 doctor

229 2370 341 2439 insignis
353 2374 453 2422 nostrae
465 2369 610 2437 religionis.
1464 2380 1486 2428 n

269 2469 332 2525 XI.
360 2469 499 2536 Ingressus
520 2465 616 2519 urbem
633 2463 783 2533 hospitium
807 2463 925 2533 suscepit
943 2463 1019 2516 haud
1040 2465 1123 2531 longe
1139 2482 1156 2518 a
1175 2464 1282 2534 palatio
1301 2467 1453 2536 cognomine

229 2567 390 2629 Aureolo,
411 2564 476 2634 quia
486 2565 513 2616 in
525 2568 650 2631 tempore
658 2561 705 2615 illo
713 2562 768 2614 hoc
779 2561 912 2630 palatium
923 2560 973 2613 toti
985 2560 1150 2628 praeminens
1161 2562 1224 2615 urbi
1236 2562 1332 2616 tholos
1341 2563 1453 2632 gestatu

230 2667 382 2731 deauratos,
397 2664 442 2732 qui
455 2662 549 2731 procul
558 2660 752 2730 aspicientibus
760 2660 836 2713 velut
844 2658 1047 2713 flammivomos
1056 2659 1169 2728 fulgoris
1177 2661 1358 2730 porrigebant
1365 2662 1453 2715 radios

229 2765 315 2819 Fama
333 2763 419 2832 pridie
439 2761 569 2816 suscitata
589 2776 605 2813 a
628 2759 804 2813 venatoribus
824 2758 852 2811 in
877 2757 1006 2827 principis
1028 2758 1093 2811 aula
1112 2759 1147 2812 de
1164 2761 1311 2814 reverendi
1333 2759 1453 2831 preconis

231 2862 331 2917 Christi
350 2861 446 2914 habitu
466 2859 510 2913 vel
526 2859 609 2924 cultu,
622 2875 671 2927 per
682 2857 784 2911 moenia
800 2856 918 2911 civitatis
926 2856 1089 2910 confirmata
1099 2856 1452 2925 plurimos-accersibat⁸rd
1465 2870 1487 2919 ts

230 2960 352 3029 praesulis
377 2958 505 3028 hospitia.
518 2957 641 3024 Quorum
662 2954 844 3024 frequentiam
862 2956 904 3009 vir
925 2955 973 3008 Dei
988 2955 1165 3024 amplectens,
1186 2956 1367 3027 futuramque
1381 2958 1453 3011 fidem

230 3076 326 3114 eorum
347 3059 440 3113 animo
455 3056 618 3126 concipiens,
643 3054 777 3124 paulatim
797 3055 936 3108 mentibus
958 3054 1068 3107 illorum
1086 3054 1228 3110 Christum
1250 3056 1453 3119 infundebatab

230 3175 322 3212 errore
344 3157 473 3211 cecitatis
494 3155 654 3217 devocabat,
674 3153 735 3208 luce
749 3152 869 3207 veritatis
893 3153 1065 3207 informabat
1086 3152 1210 3207 Tandem
1230 3156 1372 3210 constituit
1389 3155 1452 3209 dien

229 3244 779 3326 oportunum]competentemquclocum,
795 3269 850 3320 quo
863 3252 959 3306 civitas
980 3252 1071 3306 omnis
1091 3251 1245 3318 interesset,
1253 3271 1404 3323 causasque
1416 3254 1453 3307 sui

229 3357 364 3410 adventus
375 3355 414 3408 eis
432 3355 460 3407 in
482 3369 629 3407 commune
641 3351 765 3421 aperiret.
785 3352 901 3419 lamque
914 3351 972 3404 dies
983 3351 1133 3405 advenerat
1150 3368 1207 3406 nou
1218 3353 1355 3408 tumultus
1374 3354 1486 3410 visuras

231 3455 303 3520 belli,
315 3456 362 3509 sed
375 3470 470 3523 pacem
483 3458 641 3521 susceptura
650 3450 759 3513 Christi,
768 3450 796 3503 iu
813 3466 867 3518 qua
882 3451 994 3504 diversis
1005 3451 1171 3504 conditionis
1187 3451 1320 3507 homines
1330 3453 1452 3507 confluxe

230 3558 296 3608 runt
310 3553 428 3607 audituri
439 3553 475 3606 ab
490 3568 537 3605 ore
549 3549 719 3613 sacerdotali,
729 3549 802 3617 quod
815 3554 874 3602 erat
888 3553 1046 3618 competens
1063 3549 1188 3604 omniurn
1200 3550 1293 3606 saluti.
1304 3551 1453 3622 Serpentins

232 3653 369 3722 siquidem
390 3653 456 3714 lues,
470 3651 504 3704 de
517 3667 571 3718 qua
588 3649 713 3718 superius
724 3649 849 3717 princeps
861 3647 981 3717 praesulis
1000 3648 1158 3716 pulsaverat
1176 3666 1267 3715 aures,
1285 3667 1342 3706 non
1357 3651 1453 3706 modice

231 3752 371 3821 gentilium
393 3749 537 3817 mitigabat
548 3753 669 3801 mentes:
681 3747 746 3815 quia
757 3746 886 3801 nimirum
899 3746 1058 3816 gravamina
1069 3763 1216 3816 corporum
1234 3766 1356 3819 persepe
1374 3755 1454 3804 tumo-

232 3867 293 3905 rem
309 3850 465 3919 deprimunt
476 3847 619 3904 mentium.
631 3846 683 3900 nisi
696 3846 817 3900 excessio
830 3846 933 3900 doloris
943 3849 1119 3900 convertatur
1130 3847 1160 3900 in
1171 3848 1380 3904 sensibilitatem
1391 3849 1453 3903 turo
1466 3851 1487 3903 b

237 3949 273 4003 ris
286 3950 307 4003 *.
320 3950 350 4002 ln
362 3964 416 4016 quo
428 3947 598 4000 venerandus
609 3947 724 3999 antistes
743 3949 889 4010 conventu,
907 3945 1017 3999 sublimi
1029 3949 1105 3999 stans
1124 3946 1153 4000 in
1164 3948 1260 4015 gradu
1268 3964 1367 4003 sereno
1388 3948 1455 4001 rultu

235 4063 341 4115 oreque
353 4045 453 4099 calesti
464 4044 502 4097 sic
519 4043 665 4112 perorabat
683 4058 781 4096 causas
792 4043 926 4097 adrentus
938 4041 995 4096 sui:
1006 4043 1074 4096 Cum
1092 4046 1187 4097 ceteris
1204 4046 1372 4099 animabitur
1388 4047 1456 4098 tono

233 4150 340 4200 ratione
347 4146 515 4213 praevincat,
528 4160 543 4196 o
557 4144 724 4195 dilectissimi
733 4144 808 4208 cirea,
820 4145 890 4195 decet
904 4150 931 4194 ut
943 4158 995 4210 quo
1006 4143 1124 4209 reliquis
1131 4146 1279 4211 prepollet,
1290 4163 1320 4198 eo
1331 4148 1404 4207 seira,
1412 4160 1456 4211 pao

233 4254 343 4299 auctore
361 4247 396 4298 sit
414 4245 546 4306 caliditas,
555 4259 605 4294 cur
614 4243 698 4293 tantis
709 4243 907 4294 solennitatibus
926 4243 961 4294 sit
972 4241 1105 4306 subditus,
1117 4259 1134 4294 a
1152 4258 1205 4310 quo
1223 4251 1248 4295 et
1254 4261 1309 4310 per·
1319 4261 1394 4312 quem
1403 4241 1456 4295 sir‘

234 4346 400 4398 liberandus.
416 4344 525 4395 Natura
544 4343 631 4407 ipitur
650 4341 771 4393 bantana
787 4343 921 4394 oolurrtate
933 4341 986 4394 Dei
1001 4341 1067 4406 sola,
1078 4358 1133 4393 noa
1153 4343 1310 4395 mcessitate
1327 4352 1423 4405 creata,
1432 4343 1490 4394 uu

234 4445 351 4496 obediret
363 4444 415 4495 soli
436 4443 497 4499 lieo,
517 4442 545 4491 in
558 4442 682 4492 terrestri
699 4441 838 4506 paradyso
847 4443 929 4506 prius
939 4439 974 4492 ab
993 4440 1051 4505 ipso
1062 4446 1123 4492 erat
1139 4443 1287 4494 constituta
1298 4442 1361 4495 Deo.
1378 4442 1456 4507 wan

237 4550 364 4594 natrrram
382 4541 513 4602 diabolus,
526 4541 574 4605 qai
582 4538 692 4605 pridem
704 4539 855 4604 prefuerat
873 4537 1024 4602 celestibus,
1041 4539 1128 4590 sciens
1144 4544 1169 4590 et
1189 4539 1317 4593 invideres
1334 4542 1396 4592 illuc
1409 4554 1458 4592 erse

235 4641 442 4699 sublimandam,
466 4654 518 4704 qao
533 4639 618 4704 prius
641 4637 773 4703 superbas
794 4639 948 4701 corruisset,
967 4638 1146 4703 promissione
1167 4638 1270 4704 fallaci
1292 4656 1350 4692 eam
1368 4639 1458 4705 derepit
