3270 5400
188 299 262 372 374

525 321 652 372 chnb.
678 319 782 371 CODD.
808 320 1084 372 HAGIOGRAPHIC.

286 527 340 580 que
351 510 501 565 Dominum
511 511 599 564 Deum
612 514 763 563 creatorem
782 508 840 563 caeli
851 525 883 562 ac
896 513 974 563 terrae
986 511 1143 578 ignorantes
1156 510 1279 564 studiose
1291 509 1420 565 creaturis

287 625 319 664 ac
328 609 481 664 simulacris
490 608 668 662 deservirent
680 608 730 661 His
740 607 913 676 temporibus
923 607 1024 677 quibus
1035 608 1094 661 baec
1106 609 1271 677 gerebantur
1285 614 1314 663 et
1321 614 1420 664 mnata

287 707 487 762 romanaesedis
497 707 686 776 pontificatum
696 707 794 760 beatus
802 705 931 760 Silvester
937 707 1043 776 egebat,
1050 706 1109 776 ipse
1118 707 1263 776 praedictus
1269 707 1421 763 Maxentius

289 807 384 861 volens
395 822 495 875 augere
508 806 644 860 idolorum
657 806 801 872 culturam,
813 821 897 875 qnam
915 805 1100 859 Diocletianus
1112 811 1139 860 et
1157 806 1341 860 Maximianus
1352 808 1421 876 geni·

287 909 331 958 tor
348 904 408 972 ejus
419 908 565 972 coeperant,
577 907 689 972 propter
698 903 751 956 boe
760 902 788 956 in
801 903 876 957 omui
888 903 949 956 loco
961 903 1072 957 ditionis
1083 921 1140 957 suae
1149 904 1279 974 epistolas
1287 904 1422 959 destinare

288 1000 419 1055 studuit...

222 1099 354 1168 Sequenti
365 1099 448 1153 modo
458 1099 574 1152 retertur
587 1113 662 1152 mors
674 1103 774 1152 sanctae
787 1098 913 1167 virginis:

256 1197 458 1266 [iniquissimus
479 1197 580 1266 Cesar]
604 1198 714 1251 tandem
736 1198 885 1267 aliqnando
903 1199 1068 1252 sententiam
1087 1199 1163 1254 dedit
1179 1204 1211 1254 nt
1222 1199 1301 1269 virgo
1314 1199 1423 1254 Domini

288 1297 377 1366 gladio
389 1298 476 1351 vitam
498 1297 596 1362 liniret,
617 1295 739 1351 Lictores
762 1302 857 1351 entem
875 1297 993 1351 ministri
1013 1299 1147 1352 scelerum
1164 1298 1241 1352 illarn
1259 1298 1423 1367 accipientes

287 1397 441 1452 eduxerunt
459 1402 536 1451 extra
551 1397 699 1460 civitatem,
712 1402 743 1450 ut
759 1397 835 1463 jussa
854 1397 968 1451 Caesaris
985 1398 1175 1466 adimplerent
1187 1398 1320 1452 Videntes
1332 1403 1423 1453 antem

288 1494 382 1563 populi
393 1499 477 1563 etque
486 1493 614 1548 mulieres
627 1495 701 1563 quod
709 1494 855 1548 duceretur
866 1495 901 1548 ad
914 1500 1040 1560 mortem,
1052 1496 1192 1550 ‚commoti
1204 1500 1270 1549 sunt
1288 1512 1387 1550 omnes
1398 1500 1425 1550 et

288 1594 354 1647 lietu
363 1593 516 1663 largissimo
525 1609 607 1661 super
618 1609 679 1646 eam
692 1593 844 1662 plorabant
857 1593 942 1663 Igitur
954 1594 1019 1647 dum
1039 1595 1157 1648 venisset
1169 1595 1204 1648 ad
1216 1595 1309 1648 losum
1322 1596 1352 1649 in
1369 1609 1424 1664 quo

288 1693 450 1749 decollanda
459 1697 525 1755 erat,
533 1693 640 1760 rogavit
647 1693 826 1767 spiculatores
837 1697 867 1746 ut
875 1693 1012 1747 licentiam
1023 1694 1120 1747 orandi
1129 1694 1275 1764 acciperet;
1284 1694 1325 1748 illi
1332 1700 1424 1750 autem

288 1796 438 1862 paruerunt
450 1792 523 1846 illius
540 1797 635 1846 sancto
653 1791 797 1845 desiderio.
814 1792 933 1861 Accepta
945 1792 1037 1860 itaque
1050 1792 1146 1846 orandi
1158 1792 1299 1856 facultate,
1311 1793 1425 1848 sanctis·

288 1893 358 1946 sima
370 1893 446 1961 virgo
459 1890 590 1960 expandit
601 1907 700 1944 manus
711 1907 775 1944 suas
786 1892 821 1944 ad
836 1890 932 1945 caelum
951 1895 978 1944 et
989 1890 1033 1944 his
1044 1891 1135 1945 verbis
1147 1892 1299 1947 Dominum
1312 1908 1424 1948 exorare

289 1991 385 2060 coepit:
397 1992 520 2057 Domine,
536 1990 671 2059 inquiens,
687 1992 754 2044 Jesn
770 1991 885 2056 Christe,
901 1997 1008 2044 creator
1025 1993 1149 2044 celorum
1161 1999 1185 2044 ct
1196 1994 1367 2059 anpeiornm,
1379 1994 1425 2061 qni

288 2095 407 2146 hnmano
421 2109 516 2160 perere
528 2093 676 2154 condolens,
689 2099 718 2143 ut
736 2108 796 2144 enm
808 2093 840 2144 de
855 2093 950 2158 laqueo
962 2091 1067 2144 Satanae
1079 2094 1205 2159 eriperes,
1216 2094 1248 2144 de
1257 2093 1329 2146 cretis
1338 2095 1425 2146 venire

289 2193 418 2259 dipnatns
429 2208 464 2256 es,
476 2193 573 2244 servile
581 2207 681 2257 corpus
690 2206 834 2256 asstrrnere,
845 2207 949 2242 crucem
959 2190 1050 2242 subire
1059 2198 1081 2242 et
1092 2193 1187 2243 mortis
1197 2199 1310 2257 prestare
1322 2195 1423 2244 amari-

287 2293 415 2356 tudinem,
425 2291 528 2343 exandi
538 2307 578 2341 me
586 2290 723 2355 famulam
732 2297 807 2341 tuam
825 2291 862 2341 ad
873 2290 1066 2342 reclamantem
1084 2297 1107 2342 et
1125 2291 1157 2342 de
1173 2296 1222 2342 tna
1234 2292 1423 2345 misericordia

283 2396 500 2457 presumentem,
511 2396 540 2441 nt
549 2391 671 2440 animam
682 2405 766 2441 meam
778 2390 929 2455 suscipiant
937 2390 1025 2453 ‹ertpeii
1034 2390 1077 2440 tut
1083 2396 1107 2440 et
1119 2389 1253 2442 deducant
1266 2392 1297 2441 in
1306 2392 1423 2458 requiem

291 2495 413 2540 sanctam
431 2504 511 2554 qnam
531 2487 697 2554 preparasti
716 2486 888 2553 diiipentr'dus
908 2502 1002 2539 nomen
1022 2493 1107 2539 tuam.
1130 2487 1239 2540 Interea
1255 2495 1280 2540 et
1301 2489 1423 2557 torpere,

292 2588 405 2640 Domine
417 2588 499 2653 Deus,
511 2594 541 2638 nt
554 2602 644 2638 omnes
654 2586 746 2651 fideles
757 2587 806 2652 qni
823 2587 853 2637 in
872 2587 960 2638 annai
979 2587 1097 2638 nominis
1114 2587 1158 2638 tui
1175 2587 1276 2640 ieonore
1293 2596 1319 2641 et
1336 2590 1423 2656 pieria

290 2694 384 2739 nostra
404 2687 558 2752 quesierint
578 2686 744 2752 patrocinia,
764 2686 796 2737 de
813 2701 981 2752 quacumque
998 2686 1127 2751 petitione
1143 2687 1322 2740 clamaverint
1339 2689 1376 2741 ad
1393 2695 1423 2754 tc,

289 2785 422 2836 eeattdiaa
439 2800 526 2837 rocem
546 2785 658 2836 itteram
676 2790 700 2835 ct
717 2791 771 2836 esto
787 2784 826 2835 eis
846 2784 983 2835 auxilinm
994 2785 1024 2834 in
1032 2791 1201 2850 perpetuum,
1215 2789 1347 2851 qnoniam
1357 2794 1387 2839 ter
1398 2804 1424 2840 es

289 2884 426 2936 Dominus
438 2884 513 2936 Deae
524 2884 675 2936 benedictas
686 2884 714 2934 in
728 2884 824 2936 secula
836 2885 995 2935 secutorum.
1009 2881 1132 2949 Cumque
1145 2882 1249 2936 finisset
1261 2885 1424 2949 orationem,

290 2997 343 3034 vox
355 2982 389 3034 de
407 2980 474 3034 caelo
488 2981 559 3034 lacta
578 2986 619 3045 est
637 2980 730 3034 dicens
748 2980 782 3033 ad
805 2996 866 3033 earn
879 2999 886 3033 z
898 2982 1039 3033 Exaudite
1052 2989 1089 3034 est
1100 2985 1189 3034 oratio
1200 2989 1257 3035 tua.
1278 2983 1355 3049 Veni,
1369 2987 1424 3052 pta

288 3082 372 3144 mosa,
391 3083 457 3143 aeni,
470 3055 641 3132 sanctissima
660 3081 752 3145 cirqo;
770 3081 859 3147 ocerpe
868 3081 1010 3146 praemium
1028 3082 1184 3134 certaminis
1194 3082 1238 3132 tui
1248 3082 1322 3135 inter
1331 3083 1425 3137 odoros

288 3181 454 3246 anpelorum,
472 3180 601 3246 qnoniam
621 3195 676 3232 ecce
696 3186 793 3231 assunt
809 3180 996 3245 prestolantes
1009 3180 1155 3253 ‘adventurn
1171 3187 1258 3233 taum.
1276 3180 1339 3234 Hoc
1362 3197 1424 3235 cum

288 3277 409 3331 audisset
427 3277 508 3331 beata
526 3276 661 3339 caterina,
678 3276 741 3329 laeta
759 3277 856 3330 effecta
876 3276 910 3329 de
930 3275 1030 3330 caelesti
1052 3276 1240 3345 promissione,
1257 3280 1380 3335 surrexit
1389 3280 1424 3335 ab

290 3377 423 3430 oratione.
439 3375 575 3429 Satellites
592 3380 684 3429 autem
703 3375 868 3444 accipientes
885 3392 956 3439 cam,
972 3376 1123 3429 secundum
1142 3376 1256 3431 Caesaris
1271 3378 1425 3446 jussionem

286 3475 490 3529 decollaverunt
507 3490 569 3527 earn
588 3473 718 3528 vicesimo
737 3474 833 3541 quinto
853 3473 896 3527 die
915 3474 1019 3527 mensis
1036 3474 1202 3528 novembris.
1222 3475 1380 3546 Statimque
1391 3479 1425 3533 de

286 3591 400 3643 corpore
413 3575 472 3641 ejus
484 3573 526 3627 lac
550 3589 599 3642 pro
620 3573 752 3642 sanguine
776 3573 894 3627 ubertim
915 3573 1028 3627 delinxit
1048 3573 1076 3626 in
1094 3574 1284 3629 testimonium
1310 3578 1425 3648 virginei

287 3673 400 3743 pudoris
409 3673 443 3726 ad
455 3672 564 3726 laudem
575 3672 624 3725 Dei
637 3672 841 3741 omnipotentis.
854 3672 952 3740 Angeli
962 3688 1072 3741 quoqne
1086 3672 1211 3742 gloriose
1223 3677 1354 3744 martyris
1366 3694 1425 3732 cor·

285 3791 337 3844 pus
353 3774 518 3842 accipientes
531 3773 668 3833 exanime,
680 3771 708 3824 iu
725 3776 849 3824 montem
870 3770 952 3839 Synai
969 3771 1133 3835 detulerunt,
1151 3771 1199 3825 nbi
1210 3789 1260 3842 per
1272 3791 1335 3829 eam
1347 3775 1424 3831 innn·

288 3889 365 3927 mera
377 3872 470 3927 divina
479 3871 568 3924 vlrtus
580 3871 686 3939 operari
696 3886 752 3923 uon
765 3869 864 3923 desinit
876 3870 1016 3924 miracula
1028 3870 1168 3939 Siquidem
1181 3872 1215 3924 de
1228 3874 1357 3941 sepulcro
1366 3876 1425 3942 ejus

288 3973 349 4026 lons
375 3972 428 4026 olei
446 3970 633 4025 indeficienter
656 3985 769 4023 manare
790 3969 905 4032 videtur,
926 3986 981 4038 quo
1002 3974 1134 4038 peruncta
1153 3970 1286 4026 debilium
1308 3990 1423 4044 corpora

287 4076 385 4140 optata
395 4070 535 4139 sospitatis
548 4073 688 4137 reportant
698 4069 805 4136 gaudia.

222 4171 287 4225 Post
299 4173 358 4225 haec
370 4171 459 4239 pergit
470 4171 556 4223 codex
570 4210 575 4232 ‚

253 4271 342 4325 Finito
356 4276 448 4324 autern
461 4269 534 4323 illius
546 4268 719 4322 sanctissimo
732 4267 890 4334 certamine,
910 4267 938 4322 in
959 4267 1012 4321 lide
1028 4273 1128 4322 sancta
1145 4269 1334 4349 Trinitatiset
1353 4273 1421 4328 chri·

286 4371 381 4424 stianae
390 4368 529 4438 religionis
540 4383 635 4422 amore
647 4384 697 4436 ego
708 4367 875 4421 Athanasius
883 4368 1007 4435 scriptor.
1020 4383 1083 4421 cum
1102 4385 1191 4423 essem
1203 4369 1326 4426 famulus
1337 4372 1420 4442 ipsius

286 4474 387 4522 sanctae
404 4467 532 4536 martyris
543 4471 571 4521 et
583 4467 694 4534 virginis
712 4466 831 4520 domine
849 4482 918 4519 meaa
937 4466 1079 4530 Catenae,
1099 4467 1171 4521 hanc
1189 4469 1348 4537 passionem
1364 4473 1420 4540 eius

286 4566 408 4621 seriatim
419 4583 480 4620 cum
493 4566 568 4621 omni
578 4565 718 4634 diligentia
730 4565 850 4619 seribere
860 4565 953 4619 curavi
965 4565 1000 4619 ad
1009 4566 1144 4620 honorem
1158 4567 1231 4622 iliius
1243 4570 1433 4625 sanctissima>

286 4669 313 4718 et
324 4670 496 4733 posterorum
509 4664 631 4718 fidelium
645 4665 808 4718 memoriam
819 4664 999 4733 profuturam.
