3270 5400
223 365 316 417 alen.
334 363 416 418 nno.
434 365 607 418 enmono.
625 387 672 398 -
692 366 795 419 conn.
815 367 848 418 n.
866 367 983 420 enirn.
996 365 1072 436 eris,
1087 364 1162 434 ersa,
1176 364 1252 418 troo.
1279 345 1351 420 507

130 557 314 622 munificentia
325 574 466 611 aeroornem
476 573 590 612 suornm
601 558 746 611 diuturnos
763 565 787 611 et
803 560 964 627 multiplices
979 560 1109 611 mnerato
1118 559 1222 612 labores
1230 560 1352 612 Damiete

123 657 256 708 eioitotern
267 656 324 708 LX
339 657 450 710 milibna
464 665 649 725 pupnatorum
668 659 745 722 infra
757 659 888 711 eioitotem
899 659 998 725 absquo
1014 658 1107 725 plodio
1126 665 1151 710 et
1156 674 1253 726 popm
1271 660 1352 711 inter·

126 754 222 820 nuptie
239 754 269 805 in
286 769 385 807 manua
395 754 608 808 elrrietianornm
618 756 735 808 tradidit
743 773 754 819 ;
765 755 794 807 3⁰
806 753 842 822 (p.
859 737 978 820 197·199)
998 753 1165 808 Miraanlum
1185 756 1217 807 de
1232 756 1351 822 quodam

128 852 232 905 Yeanio
244 854 365 907 Domina
376 861 474 908 nostra
493 869 550 921 anea
568 870 587 906 a
606 855 736 907 mamillis
747 861 771 907 et
789 854 913 907 deornm
931 854 1121 906 eamindicio
1140 855 1268 921 liquorem
1279 869 1351 906 eoae

123 950 220 1002 emittit
230 965 282 1016 quo
289 951 419 1016 peruncti
428 952 535 1017 infirmi
550 958 701 1004 sanantur:
711 950 774 1004 vide
785 966 867 1018 supra
876 967 900 1018 p.
911 950 962 1003 503
970 969 976 1013 ;
985 951 1015 1007 4⁰
1026 948 1131 1018 (0.199)
1142 951 1308 1003 Miraenlum
1318 949 1351 1002 de

125 1049 245 1114 quadam
257 1050 383 1115 ymopine
394 1050 502 1117 lapidea
513 1050 635 1103 Domino
645 1057 742 1104 nostra
752 1049 912 1117 stupendum
925 1055 949 1102 et
960 1048 1101 1114 mirabile;
1111 1064 1144 1102 aa
1154 1048 1352 1116 subsequenter

123 1151 250 1201 narratur
266 1147 406 1215 quomodo
418 1148 490 1216 apud
503 1148 628 1203 Castrum
635 1148 869 1218 Radulphisaevas
886 1162 978 1216 paenas
987 1147 1092 1202 dederit
1100 1147 1200 1217 impius
1207 1146 1350 1215 miles,qui

124 1245 230 1298 aleator
240 1245 336 1298 infelix
347 1245 438 1314 lapide
446 1249 546 1300 sancta
558 1247 649 1313 llariae
657 1245 804 1314 imaginem
814 1246 972 1315 impegerit;
984 1247 1014 1299 5⁰
1024 1247 1060 1314 (p.
1071 1246 1189 1311 199319)
1198 1247 1309 1314 epistola
1317 1246 1351 1298 al

125 1346 289 1411 imperatore
302 1346 597 1413 Constantinopolitano
608 1347 743 1400 Baldnini
759 1347 924 1399 Hoinoenaie
934 1348 1038 1400 comitia
1048 1346 1105 1411 tilio
1122 1346 1246 1399 omniane
1256 1346 1351 1398 asnide

125 1445 185 1496 noia
200 1445 322 1509 fideliter
333 1447 427 1509 miaao,
439 1460 500 1513 quae
516 1434 630 1512 incipit:
644 1446 778 1510 Quoniam
797 1445 902 1498 dileetio
913 1453 1001 1498 oestro
1016 1445 1048 1497 de
1057 1451 1129 1498 atmn
1141 1451 1233 1498 nostro
1249 1444 1352 1509 oertifi-

125 1545 186 1595 cari
196 1543 330 1596 desiderat
342 1545 409 1597 etde
425 1546 605 1611 prosperitate
621 1551 717 1597 nostra
728 1545 797 1597 aiem
805 1545 965 1610 confidimus
976 1544 1105 1597 inodora
1121 1550 1160 1596 eat
1170 1545 1300 1608 luticiam,
1311 1543 1351 1595 id·

125 1643 198 1695 eireo
210 1644 331 1710 quadam
342 1645 393 1695 etei
400 1659 453 1696 nan
465 1644 575 1709 mapula
587 1659 644 1709 qun
652 1645 726 1696 eirea
733 1659 783 1696 noe
792 1643 858 1708 feeit
875 1643 1008 1696 Dominus
1015 1644 1143 1710 presenti
1150 1642 1275 1695 eleortnlo
1283 1656 1351 1693 nore·

125 1743 236 1794 mmor.
245 1740 279 1794 Et
291 1740 391 1794 desinit
409 1742 503 1795 dotum
513 1743 653 1807 Perpamia
665 1742 695 1794 in
706 1743 806 1795 adoaia
817 1742 984 1809 Epyplronin
995 1757 1066 1794 anna
1078 1743 1216 1795 doninica
1225 1742 1351 1793 inoarno·

124 1841 206 1894 tionis
215 1840 258 1892 M⁰
269 1841 325 1894 00⁰
334 1841 384 1894 XI.

147 2323 386 2413 OGXXVIII.
408 2321 1332 2451 0060100011).Ρ11111100001000600004763.

160 2565 299 2620 Foliorum
316 2566 356 2629 71,
373 2565 469 2620 farma
480 2565 595 2619 minoris
607 2564 711 2633 (0¹²,t17
725 2572 751 2623 ><
768 2565 927 2631 l33),1ineis
944 2566 1038 2636 plenis,
1053 2584 1109 2623 una
1124 2584 1209 2623 manu
1225 2585 1278 2622 see.
1289 2568 1351 2622 XIII

123 2665 286 2719 nitidissime
298 2669 434 2718 exaratus.
446 2665 555 2718 Litterae
566 2664 683 2731 majores
694 2665 780 2719 rubeo
794 2665 885 2719 colore
897 2666 1018 2734 depicta,
1033 2667 1156 2723 admixto
1167 2671 1261 2722 tamen
1272 2666 1351 2721 vindi

123 2765 282 2826 caeruleove,
300 2763 437 2832 eleganter
452 2769 590 2818 exornatae
609 2768 680 2828 sunt,
697 2764 810 2832 adjectis
828 2763 963 2819 linearum
982 2765 1101 2820 sinuosis
1123 2766 1284 2830 recursibus,
1303 2765 1351 2834 qui

124 2864 182 2933 ipsa
193 2864 284 2918 littera
297 2868 470 2917 enascuntur.
483 2863 540 2916 Prae
552 2863 650 2917 ceteris
661 2863 815 2932 resplendet
825 2863 914 2933 prima
930 2865 1029 2930 littera,
1046 2866 1124 2932 euius
1141 2865 1268 2920 interiora
1281 2880 1351 2933 opus

131 2963 282 3017 mussivum
307 2979 374 3017 auro
398 2962 556 3017 distinctum
579 2963 706 3031 complet„
726 2961 789 3017 Fuit
811 2963 877 3017 oltra
901 2964 988 3018 saneti
1007 2963 1138 3029 Ghisleni‚
1160 2964 1207 3019 uhi
1229 2963 1351 3032 signatus

124 3066 182 3116 erat
202 3056 220 3131 ζ
234 3056 260 3131 ἶ.

210 3356 212 3360 ⁷
228 3258 405 3333 Miracula
421 3259 457 3332 S.
471 3259 598 3333 Jacohi
611 3259 769 3352 apostoli
785 3258 858 3355 (iol.
877 3259 1014 3357 istit).

159 3406 249 3460 Codex
274 3406 424 3460 maximam
448 3405 609 3459 affinitatem
631 3405 715 3459 habet
734 3421 796 3458 eum
817 3404 911 3459 codiee
927 3405 1046 3475 Hagensi
1066 3404 1090 3458 X
1111 3405 1145 3458 68
1161 3405 1256 3470 (Anol.
1273 3406 1352 3470 Ball,

127 3509 192 3560 tom.
204 3505 248 3566 VI.
259 3523 285 3574 p.
294 3506 366 3570 909)
376 3506 429 3559 hae
440 3504 515 3558 enirn
527 3505 578 3558 sub
589 3495 699 3558 'rubrica
710 3504 807 3558 eodem
819 3503 914 3558 ordine
924 3504 1059 3572 (1000τί010
1067 3507 1131 3556 sunt
1139 3503 1304 3558 documenta
1312 3502 1350 3557 ibi

123 3609 216 3658 notata
227 3606 302 3659 10-9=·.

132 4070 331 4159 ccxx1x.
364 4070 487 4160 (lodex
520 4070 624 4180 apud
655 4070 702 4157 D.
729 4069 928 4182 Phillipps
953 4071 1138 4180 signatus
1162 4083 1206 4154 no
1230 4067 1348 4156 4766.

159 4312 297 4367 Foliorum
309 4315 349 4377 56,
357 4314 453 4367 torma
464 4313 579 4368 minoris
596 4313 701 4380 (0¹¹¹‚il5
714 4320 739 4370 ><
752 4312 830 4379 0,16),
847 4311 926 4367 liueis
944 4311 1031 4381 plenis
1045 4312 1176 4383 graphide
1188 4313 1349 4376 doctisono

122 4426 209 4465 manu
231 4411 324 4465 seculo
343 4412 405 4466 XIII
422 4412 533 4467 ineunte
553 4412 716 4466 nitidissime
736 4415 870 4465 exaratus.
889 4409 973 4465 Tituli
993 4410 1123 4465 rubricati
1140 4416 1211 4476 sunt,
1232 4411 1351 4478 itemque

122 4508 224 4564 littera
235 4511 363 4579 majores.
376 4511 444 4565 Tres
450 4516 604 4580 quatuorve
612 4527 668 4565 non
680 4510 847 4579 ineleganter
854 4514 993 4564 exornata
1001 4513 1072 4564 sunt.
1080 4509 1137 4564 rot
1148 4512 1173 4564 1¹
1181 4509 1352 4580 senptasunt

121 4624 135 4663 a
148 4611 278 4678 equentia
285 4631 291 4664 :
298 4612 383 4666 Liber
389 4620 487 4667 aanota
495 4613 593 4666 Maria
603 4614 636 4666 de
647 4611 815 4676 Comberone,
823 4626 855 4664 ae
864 4609 966 4679 passim
977 4609 1072 4682 inimo
1080 4608 1208 4664 loliorum
1216 4608 1352 4679 margines

121 4710 154 4763 de
164 4711 334 4765 Caneberone.
