3270 5400
192 318 261 390 ltu
524 339 651 391 cirac.
676 339 780 391 cono.
807 338 1083 390 nacioonnrmc.

229 526 263 583 2.
287 528 384 596 Sisque
402 527 531 581 dominus
549 528 620 581 ultra
640 543 763 596 pergens,
773 542 901 596 prospere
920 526 994 581 venit
1014 527 1049 580 ad
1068 531 1190 580 montem
1209 525 1299 594 Syriai,
1318 524 1420 579 iaciens

188 630 269 695 prout
286 626 377 679 decuit
395 626 483 679 beatis
503 624 599 694 virgini
618 623 782 678 Katherinee.
800 624 852 677 Sed
870 640 995 677 reversus
1013 640 1061 692 per
1078 625 1215 677 desertum
1234 623 1316 677 lresus
1331 622 1419 675 estin

188 741 265 779 crure
277 742 294 778 a
307 725 427 794 quodam
442 740 533 777 verme
543 723 633 777 toxico
645 723 718 776 illius
730 723 855 792 regionis.
868 702 999 777 currente
1011 718 1076 776 vero
1088 723 1187 777 morbo
1205 738 1314 776 sursum
1333 738 1420 789 usque

187 823 222 877 ad
231 839 327 892 genua,
341 823 432 876 solum
444 822 564 875 restabat
581 822 666 874 cruris
676 822 802 884 abscisio,
815 826 845 875 ut
856 826 946 874 cetera
958 822 1084 875 membra
1094 825 1238 875 manerent
1248 821 1334 873 salva
1351 820 1421 874 Con·

187 922 332 976 suluerunt
344 921 425 990 igitur
442 920 541 975 medici
559 926 586 973 et
603 920 747 990 chirurgici
765 921 851 974 ultera
868 920 912 974 die
924 920 1042 975 smaliter
1059 937 1121 975 crus
1133 920 1290 974 morbidum
1308 919 1420 973 abscidi

187 1020 241 1074 Sed
250 1022 344 1088 jacens
356 1036 459 1089 pauper
468 1036 529 1072 sero
539 1020 614 1073 solus
626 1019 742 1083 inlecto,
754 1019 945 1073 lamentabiles
957 1036 1038 1073 voces
1050 1020 1141 1082 dabat,
1153 1024 1181 1072 et
1197 1018 1315 1087 gemitus
1332 1023 1360 1072 el
1377 1034 1422 1071 su·

187 1119 282 1189 spiria;
292 1125 319 1173 et
329 1120 398 1172 inter
411 1125 503 1172 cetera
514 1135 695 1187 prorumpens
706 1119 734 1172 in
747 1119 804 1172 haec
818 1119 917 1172 verba:
932 1120 1059 1172 Osancto
1069 1122 1179 1172 domina
1190 1137 1247 1172 mea
1257 1120 1422 1184 Katherr'no,

188 1223 274 1277 lascire
282 1229 346 1273 suist
354 1236 413 1288 qun
425 1222 480 1272 tuis
489 1220 582 1272 reddis
590 1220 757 1272 decolorius?
768 1219 905 1271 Hactenus
917 1220 988 1271 inter
1003 1221 1103 1271 aulicos
1114 1235 1186 1270 uicos
1195 1220 1242 1284 fui
1256 1225 1388 1271 strenuus
1399 1227 1422 1272 et

188 1322 316 1384 inclitus;
328 1336 399 1371 nunc
408 1325 552 1371 truncatus
560 1324 681 1371 reuertar
691 1319 823 1383 eorrfrcsus
832 1320 949 1384 turpiter·
958 1325 981 1369 et
990 1318 1076 1370 haus.
1083 1317 1116 1369 Et
1125 1332 1188 1369 ecce
1197 1315 1422 1370 semidormiente

189 1420 249 1473 viro
259 1424 286 1472 et
299 1418 427 1486 ejulante,
439 1421 535 1470 assunt
545 1422 600 1470 tres
613 1417 802 1484 pulcherrimae
818 1417 944 1487 virgines,
955 1432 1074 1484 quarum
1086 1432 1148 1481 una,
1167 1415 1307 1483 pulchrior
1316 1414 1422 1479 celeris,

189 1518 330 1571 vasculum
343 1517 450 1570 habens
465 1516 491 1569 in
504 1516 640 1580 manibus
652 1515 720 1569 dixit
734 1516 856 1569 duabus:
872 1519 930 1570 Cito
945 1519 1045 1569 nudate
1062 1518 1256 1578 unumunurn
1270 1515 1423 1568 morbidum

189 1619 337 1671 abstrahite
356 1624 379 1669 et
398 1623 563 1682 unguentum
580 1617 628 1669 lroc
647 1617 790 1682 infrendite.
808 1614 906 1684 Sicque
923 1615 1018 1677 homo,
1029 1614 1123 1667 statim
1142 1618 1214 1666 tolus
1232 1629 1325 1677 sanus,
1343 1613 1424 1682 plene

188 1713 386 1783 expergiscens,
404 1712 534 1765 clamavit
546 1728 613 1765 voce
631 1728 738 1780 magna,
749 1712 861 1765 dicens:
881 1714 944 1778 Qun
954 1715 1053 1777 estias
1070 1713 1191 1776 dominu,
1203 1727 1261 1778 qun
1277 1713 1352 1776 estis,
1368 1728 1426 1779 qun

189 1814 229 1865 sir
245 1812 365 1864 sociastis
385 1813 449 1862 iric?
471 1810 570 1874 Occasu,
588 1811 675 1861 dieite.
696 1808 772 1861 Tunc
793 1808 838 1860 illa
857 1808 997 1876 pulchrior
1013 1808 1086 1862 dixit
1099 1827 1105 1861 ε
1118 1809 1176 1874 Epo
1192 1824 1253 1860 sum
1266 1809 1424 1861 liutherius

190 1926 272 1978 quiam
283 1911 407 1972 visitasti,
419 1924 477 1976 qun
487 1925 585 1961 sorricm
595 1910 657 1974 feci,
675 1924 775 1960 mernor
786 1910 858 1975 praeci
871 1911 971 1960 interitu
989 1909 1042 1960 Dei
1058 1915 1081 1960 et
1099 1909 1152 1960 mei
1168 1909 1212 1960 illi
1225 1909 1426 1974 psittacorum

190 2024 251 2061 uren
261 2003 415 2076 pepercisti.
428 2009 472 2059 Ad
489 2015 550 2061 tuos
561 2025 622 2060 cero
629 2024 745 2074 perperis
762 2015 832 2060 totus
843 2024 936 2071 soniis,
953 2009 990 2059 do
1001 2009 1119 2072 gloriam
1129 2008 1193 2072 Deo,
1209 2008 1367 2074 praedicans
1377 2008 1426 2060 lior

189 2109 363 2171 miraculum,
380 2124 462 2174 quom
478 2109 614 2173 pluriosus
630 2108 666 2159 sit
683 2115 706 2159 et
723 2124 805 2174 quam
822 2108 959 2159 mirabilis
975 2109 1006 2158 in
1023 2109 1126 2158 aurietis
1137 2109 1196 2158 sicis
1213 2108 1262 2173 qui
1279 2114 1303 2158 te
1315 2110 1426 2159 sonarit

188 2204 315 2270 precibus
329 2205 403 2256 erreis.

231 2299 266 2358 3.
290 2302 385 2370 ltaque
405 2299 533 2353 dominus
553 2300 587 2352 ad
608 2316 672 2353 suos
692 2316 825 2365 reversus,
843 2300 1000 2367 publicavit,
1018 2299 1097 2353 oculu
1116 2300 1150 2352 ad
1170 2299 1282 2352 oemunt
1306 2301 1425 2354 ostensis

190 2399 281 2468 signis,
292 2398 366 2467 quod
377 2397 448 2450 circa
465 2414 494 2450 se
506 2398 608 2450 lactum
620 2397 673 2450 hoc
691 2397 853 2451 miraculum
872 2402 920 2451 est.
933 2396 1104 2466 Quapropter
1120 2397 1155 2450 ad
1174 2397 1311 2450 honorem
1331 2398 1381 2451 Dei
1399 2402 1426 2450 et

190 2503 291 2552 sanctia
304 2494 459 2550 liatlrerinae
470 2493 614 2563 pulchrum
624 2494 750 2548 instruxit
762 2495 920 2558 oratorium,
932 2496 1075 2549 instituens
1087 2495 1154 2549 inibi
1167 2495 1285 2563 virgines
1295 2495 1426 2549 claustra·

190 2596 230 2650 les
239 2613 288 2650 seu
300 2595 411 2650 ancillas
424 2595 481 2657 Dei,
493 2595 521 2648 iu
538 2594 692 2648 humilitate
704 2600 732 2647 et
743 2594 867 2648 castitate
884 2600 912 2648 et
924 2594 975 2663 piis
988 2595 1117 2663 operibus
1129 2595 1185 2648 Deo
1198 2600 1329 2664 perpetue
1342 2595 1425 2649 serri-

191 2700 275 2749 turas.
287 2694 462 2763 Divulgatum
475 2699 517 2746 est
533 2693 587 2745 hoe
599 2692 771 2755 miraculum,
788 2691 852 2761 quia
870 2693 941 2746 circa
953 2693 1035 2746 talem
1047 2693 1191 2747 dominum
1204 2695 1309 2747 lactum
1322 2694 1426 2755 luerat,·

190 2799 259 2848 nutu
272 2794 320 2847 Dei
333 2810 382 2862 per
392 2796 480 2846 totam
492 2791 664 2845 Alemaniam
678 2791 755 2845 valde
768 2791 896 2856 excrevit,
908 2797 935 2845 et
946 2791 1108 2860 specialiter,
1117 2797 1147 2845 ut
1159 2792 1265 2856 dicitur,
1277 2809 1426 2862 procuran-

191 2891 264 2945 tibus
281 2890 391 2945 domnis
408 2889 516 2944 Ordinis
534 2889 736 2943 Crucilerorum
749 2889 982 2943 Theutouicorum
999 2891 1027 2944 in
1039 2890 1143 2955 Prusia,
1155 2890 1202 2959 qui
1215 2891 1252 2943 ob
1264 2890 1318 2943 hoc
1333 2891 1425 2944 adhue

192 2991 349 3045 vocantur‘
368 2989 464 3043 domni
480 2989 515 3042 de
532 2993 626 3042 sancta
644 2988 801 3042 liutherius.
818 3029 829 3053 ,
849 2988 1121 3058 construxeruntque
1140 2989 1289 3057 burgenses
1306 2994 1335 3044 et
1351 2991 1425 3044 cives

190 3089 349 3144 honesti-ob
359 3089 411 3141 boc
421 3089 509 3142 beatae
518 3087 675 3141 Katherinae
683 3087 776 3150 devoti
788 3087 815 3140 in
825 3087 989 3152 civitatibus,
998 3088 1105 3157 oppidis
1114 3094 1141 3143 et
1150 3088 1268 3142 castellis
1279 3095 1329 3144 aut
1337 3090 1425 3158 capel·

190 3189 224 3243 lis
233 3188 353 3242 oratoria
362 3193 389 3241 et
398 3187 503 3251 altaria,
512 3187 684 3240 instituentes
693 3186 760 3240 mibi
772 3187 877 3255 puellas
889 3191 917 3240 ct
933 3186 1100 3251 claustrales,
1110 3188 1167 3241 Deo
1185 3191 1212 3241 et
1224 3189 1314 3242 beatos
1322 3189 1424 3243 Katha-

189 3288 256 3341 rinre
268 3287 296 3341 in
306 3286 487 3341 sanctimonia
498 3286 653 3339 servituras.
663 3285 847 3354 Frequentant
855 3286 939 3339 etiam
948 3287 1007 3359 ejus
1016 3285 1153 3351 ecclesias,
1163 3287 1283 3342 oratoria
1292 3292 1321 3341 et
1329 3289 1424 3342 altaria

190 3385 260 3439 inira
269 3402 373 3439 annum
385 3402 458 3454 saepe
467 3389 492 3438 et
504 3386 532 3438 in
545 3384 621 3437 lestis
630 3385 689 3451 ejus
697 3384 826 3437 mulieres
838 3385 944 3438 devolsa
956 3391 983 3438 et
995 3386 1083 3439 vidua
1092 3403 1155 3440 curn
1165 3386 1251 3440 multo
1262 3389 1425 3443 reverentia„

190 3485 349 3540 Celebratnr
360 3488 453 3538 autem
465 3485 524 3551 eJus
540 3485 639 3537 testum
658 3499 722 3536 culti
734 3483 848 3537 historia
865 3484 987 3552 magistri
999 3485 1104 3554 Lysatis
1113 3486 1221 3541 merito.
1238 3486 1306 3554 Quae
1318 3488 1385 3543 dum
1396 3489 1424 3543 in

189 3584 265 3638 curia
274 3585 400 3637 Romana
410 3583 592 3637 examinanda
601 3588 666 3647 erat,
677 3582 827 3636 cardinalis
835 3583 947 3650 quidam
957 3585 1063 3648 restitit,
1073 3601 1122 3653 pro
1132 3601 1165 3639 eo
1177 3587 1252 3654 quod
1261 3586 1290 3641 in
1301 3604 1333 3641 ea
1343 3588 1423 3642 nimis

189 3684 337 3748 excessivo,
349 3687 430 3751 prout
441 3683 493 3736 sibi
506 3683 658 3745 ridebatur,
665 3682 775 3750 ponitur
794 3683 805 3707 ⁴
821 3686 862 3735 ter
874 3687 968 3736 sancta
980 3690 1131 3753 quaterque
1147 3685 1237 3738 beata
1249 3728 1260 3749 ,
1274 3687 1330 3740 Sed
1343 3687 1421 3741 intor-

189 3790 280 3837 malus
290 3784 363 3852 quod
373 3781 489 3836 dictator
498 3799 545 3850 per
557 3783 610 3835 boc
628 3787 683 3835 tres
695 3782 772 3834 doles
789 3781 888 3835 animae
901 3787 927 3835 et
945 3787 1064 3851 quatuor
1074 3786 1196 3854 corporis
1209 3785 1237 3838 in
1249 3787 1343 3840 futuro
1360 3786 1420 3841 fide

189 3883 251 3937 liter
262 3883 359 3944 innuit,
368 3885 513 3935 contentus
525 3881 576 3934 luit
588 3886 612 3935 et
627 3881 741 3949 quievit.

231 4085 337 4145 Aliud
361 4085 573 4144 musculum
594 4085 639 4143 de
658 4084 823 4156 rsthutts
843 4086 965 4144 beatur
987 4084 1200 4145 Kathertnae
1222 4085 1260 4146 ln
1280 4102 1384 4149 mm

436 4182 607 4255 presseris
630 4184 695 4243 ssd
719 4197 786 4255 per
810 4184 979 4254 angelum
1002 4185 1173 4244 conectis.

230 4374 266 4431 4.
289 4376 366 4430 llliles
378 4375 490 4443 quidam
503 4374 537 4426 ad
549 4373 662 4426 Ternun
680 4374 807 4428 Sarictam
826 4390 975 4443 properans
993 4379 1089 4443 rogatu
1107 4376 1209 4428 sororis
1226 4393 1292 4441 suae,
1313 4380 1420 4434 nominc

191 4474 353 4535 Katberinie,
365 4471 580 4526 sanctimonialis
597 4471 624 4524 iri
637 4472 804 4526 monasterio
815 4472 887 4525 dicto
905 4474 1087 4527 Serocenrode
1103 4473 1161 4526 sive
1178 4476 1419 4530 &raeenroudein

191 4578 262 4627 terra
272 4571 409 4640 Bergensi,
421 4574 516 4624 contra
535 4570 660 4624 inimicos
677 4588 742 4624 suos
759 4571 876 4624 multum
896 4570 1040 4624 victoriose
1052 4587 1081 4625 se
1093 4588 1198 4640 gerens,
1211 4579 1275 4641 post
1286 4580 1420 4644 peractam

191 4670 325 4726 militiam.
334 4671 369 4723 de
378 4669 486 4723 licentia
496 4670 601 4723 domini
613 4670 653 4722 sui
664 4671 708 4722 cui
720 4669 863 4723 militabat.
872 4669 1086 4724 salvoconducto
1097 4672 1242 4738 impetnrto
1253 4674 1289 4726 ab
1298 4674 1420 4733 inimicis.
