3338 5394
290 317 384 369 arun.
401 317 482 369 auu.
500 318 675 370 narrum.
696 339 741 348 -
760 317 907 370 urrann.
927 319 973 369 au
991 319 1073 370 con.
1090 309 1129 368 r⁰
1146 318 1220 370 run.
1305 297 1373 369 167

135 507 175 561 ad
192 508 350 576 sepulcrum
372 514 473 563 sanctae
492 510 647 564 liatberinae
664 510 797 579 pervenit,
814 509 907 577 ibique
930 509 1069 563 modicum
1087 510 1121 563 de
1139 509 1259 579 reliquiis
1275 513 1376 563 sanctae

137 605 298 660 Katherinae
310 608 398 661 multo
410 607 504 662 labore
514 613 540 662 et
548 609 732 663 sollieitudine
740 608 913 678 conquisivit.
923 608 1046 677 Cumque
1058 610 1205 678 repatriare
1215 608 1375 671 intenderet,

139 703 229 757 dietas
246 705 375 774 reliquias
392 722 500 761 summa
517 707 657 777 diligentia
674 707 829 762 custodivit.
847 707 900 760 Sed
917 723 980 760 cum
999 707 1026 760 in
1043 707 1113 760 mari
1130 709 1286 769 existerent,
1299 712 1374 761 tanta
1459 756 1464 767 ,

140 803 243 857 oborta
253 810 295 857 est
308 808 457 875 tempestas
468 810 497 860 ut
509 812 594 860 nauta
612 824 673 861 eam
687 824 741 861 non
754 807 906 860 naturalem
925 822 984 859 esse
1001 811 1117 874 putaret.
1134 807 1277 861 Mandatur
1294 807 1376 875 igitur

105 910 123 959 8
141 904 173 955 ut
187 900 353 971 quicumque
362 904 492 973 reliquias
503 905 609 973 aliquas
620 905 679 958 sine
690 904 799 958 licentia
811 904 916 957 Summi
927 902 1066 957 Pontificis
1078 903 1231 968 habuerint,
1240 905 1333 958 statim
1346 903 1372 957 in

140 1016 220 1053 mare
231 1001 383 1069 projiciant
394 1002 475 1069 Quod
487 1004 535 1057 Dei
544 1004 623 1057 miles
635 1019 690 1057 non
702 1003 760 1056 sine
769 1004 844 1072 gravi
856 1018 972 1056 nroerure
984 1002 1140 1070 complevit,
1149 1007 1177 1056 et
1190 1002 1375 1057 incontinenti

141 1098 261 1152 cessarit
271 1104 429 1168 tempestas.
441 1102 474 1155 Et
483 1118 546 1156 ecce
563 1103 675 1169 angelus
688 1102 797 1155 Domini
811 1101 940 1169 reliquias
957 1101 1016 1154 illas
1027 1100 1137 1154 sustulit
1148 1105 1175 1154 et
1192 1101 1226 1154 ad
1239 1105 1374 1154 monaste·

143 1197 215 1251 rium
230 1197 257 1251 iu
269 1199 473 1254 Scravmrrmrde
483 1201 571 1255 sorori
583 1202 642 1268 eius
653 1200 815 1269 deportarit.

185 1296 220 1355 ὅ.
244 1296 320 1350 Miles
338 1313 404 1351 vero
420 1314 552 1361 reversus,
564 1298 651 1351 sorori
664 1315 720 1351 sure
736 1298 877 1366 quomodo
890 1297 1017 1366 reliquias
1024 1298 1182 1366 impetratas
1194 1298 1220 1350 in
1230 1314 1305 1352 mare
1314 1314 1374 1367 pro-

91 1404 124 1455 tt
141 1396 228 1465 jicere
244 1399 356 1449 coactns
374 1394 416 1459 sit,
429 1410 492 1448 cum
504 1411 621 1448 moerore
639 1396 760 1449 marimo
773 1394 903 1448 recitarit.
915 1394 982 1461 Quae
998 1395 1090 1449 statim
1107 1395 1248 1464 requisivit
1264 1395 1286 1448 si
1304 1396 1375 1449 forte

143 1510 191 1547 eas
203 1494 276 1547 uisas
288 1506 485 1561 recognoscere
494 1499 594 1561 posset.
607 1493 668 1560 Quo
677 1495 858 1562 respondente
870 1495 945 1561 quod
954 1494 1001 1555 sic,
1016 1494 1074 1563 ipsa
1089 1493 1218 1563 reliquias
1234 1510 1283 1563 per
1293 1510 1374 1563 ange·

141 1592 201 1646 lurn
218 1590 271 1645 sibi
287 1592 392 1646 delatas
409 1592 477 1646 dixit
495 1597 523 1645 et
540 1592 666 1646 ostendit.
677 1592 751 1658 Quas
764 1609 826 1646 cum
840 1592 918 1645 miles
931 1592 1015 1645 frater
1031 1594 1091 1660 ejus
1104 1593 1374 1663 ridensagnosceret,

143 1691 326 1745 uehementer
335 1692 550 1761 obstupefactus,
559 1691 677 1759 amplius
687 1692 713 1744 in
723 1708 846 1745 amorem
856 1691 1014 1744 earumdem
1028 1690 1204 1759 reliquiarum
1213 1692 1323 1744 exarsit„

185 1787 221 1846 6.
244 1787 296 1843 Sed
309 1789 392 1843 modo
405 1788 539 1842 advertite
548 1790 597 1842 ltei
609 1789 745 1858 magnalia
754 1790 826 1843 circa
838 1788 967 1857 reliquias
983 1789 1071 1841 beatae
1080 1788 1236 1842 liatlrerinae
1245 1788 1376 1843 diuinitus

96 1899 126 1947 tt
143 1893 263 1943 ostensa.
277 1887 346 1941 Nam
357 1890 419 1954 post
428 1886 485 1938 haec
499 1890 622 1953 tempore
631 1885 751 1952 quodum
762 1889 789 1937 in
799 1886 868 1938 festo
878 1884 1101 1938 Annuntiutionis
1110 1885 1258 1954 Dominicis
1269 1888 1326 1938 risa
1335 1890 1376 1938 est

142 1986 250 2057 guttula
261 1986 349 2039 lactea
361 1984 479 2055 praelatis
488 1983 609 2053 reliqniis
620 1984 771 2045 adhnrere;
781 1983 1075 2052 etsuppositorasculo
1084 1984 1212 2052 profluxit
1222 1984 1374 2054 plusquam

143 2086 257 2141 dimidia
264 2085 350 2154 pinita
358 2083 620 2152 lactisprresertim*
629 2083 819 2137 rinimensura
829 2081 856 2136 in
864 2082 967 2135 illudie.
975 2082 1087 2143 Deinde,
1093 2084 1241 2151 suppositis
1250 2084 1375 2147 vasculis,

142 2182 244 2237 accidit
263 2181 290 2235 in
309 2181 459 2234 Parascere
477 2180 649 2233 tantumdem
665 2179 777 2232 effluere
793 2178 931 2248 sanguinis
949 2178 1101 2233 rubicundi.
1119 2180 1149 2232 ln
1164 2180 1218 2234 alio
1230 2181 1300 2234 sesto
1312 2180 1376 2235 inde

143 2281 269 2337 manarit
280 2280 381 2341 oleum,
394 2280 422 2334 in
436 2283 535 2346 quarto
554 2279 622 2332 festo
634 2294 704 2347 aqua
717 2277 915 2347 limpidissima,
928 2279 956 2331 in
972 2277 1068 2346 quinto
1086 2278 1149 2342 mel,
1161 2277 1190 2332 in
1200 2283 1278 2333 sexto
1290 2279 1376 2333 balsa-

93 2389 127 2439 20
145 2396 231 2434 mum.
245 2378 368 2433 Tandem
387 2379 416 2431 in
428 2377 544 2446 septima
555 2376 710 2439 festivitate,
721 2375 825 2429 scilicet
842 2377 869 2429 in
882 2376 925 2429 die
942 2375 1130 2429 sacratissimae
1147 2376 1259 2446 virginis
1276 2377 1376 2431 Kathe·

144 2479 219 2541 rinae,
225 2478 327 2548 prodiit
335 2478 516 2531 indemanna.
524 2476 557 2529 Et
564 2477 731 2544 quicumque
738 2475 874 2532 ridebant.
882 2474 1059 2528 ammirantes
1067 2475 1217 2529 laudabant
1227 2476 1374 2531 [lominum

145 2582 305 2631 etsanotam
318 2576 504 2630 Katherinam.
517 2573 630 2629 Postero
647 2579 739 2627 autem
759 2578 889 2641 tempore,
902 2574 1015 2626 llorente
1026 2573 1128 2626 Jacoba
1137 2574 1244 2628 ducissa
1253 2574 1375 2630 Bauariae

145 2682 174 2729 et
186 2674 326 2729 comitissa
343 2672 504 2737 Hollandire,
516 2672 614 2726 accidit
630 2672 765 2740 quosdam
784 2671 953 2725 uenerabiles
971 2672 1044 2724 riros
1061 2672 1095 2724 de
1111 2672 1258 2726 Hollaudin
1275 2676 1375 2727 terram

146 2774 313 2843 Bergensem
331 2788 483 2841 peragrare.
492 2770 568 2838 Quos
579 2770 633 2824 dux
652 2770 795 2838 Bergensis
806 2769 923 2839 gloriose
933 2770 1049 2839 recepit3
1062 2774 1088 2823 et
1101 2786 1149 2838 pro
1167 2770 1273 2824 honore
1284 2771 1376 2839 praeci-

95 2880 130 2930 25
147 2889 203 2943 puo
213 2872 288 2926 misit
297 2888 359 2926 cum
370 2872 409 2926 eis
418 2871 619 2925 thesaurarium
635 2886 715 2924 sunm
729 2870 764 2923 ad
776 2868 973 2923 monasterium
989 2869 1022 2922 de
1039 2870 1251 2937 Srraueurunde,
1262 2875 1293 2923 nt
1304 2869 1377 2924 vide·

147 2976 210 3026 rent
225 2976 329 3041 quanta
345 2971 432 3040 gratia
450 2970 477 3023 in
495 2986 545 3023 sna
562 2969 676 3041 fulgeret
693 2968 789 3037 patria.
807 2967 847 3021 lbi
866 2968 992 3021 viderunt
1009 2969 1151 3035 praefatam
1163 2969 1324 3036 particulam
1342 2969 1377 3024 de

146 3071 270 3140 reliqniis
281 3070 368 3124 beatae
379 3069 544 3131 Katherinae,
561 3084 616 3122 non
634 3069 768 3136 majorem
787 3068 868 3122 unico
880 3084 964 3136 grano
977 3066 1114 3132 frumenti,
1125 3084 1208 3136 quam
1221 3068 1376 3123 circumsta-

145 3171 215 3224 bant
226 3169 255 3223 in
264 3186 333 3223 auro
344 3169 498 3238 margaritae
510 3173 537 3222 et
546 3168 649 3237 lapides
659 3167 779 3237 pretiosi.
788 3167 920 3220 Viderunt
928 3168 1042 3235 insuper
1051 3172 1078 3220 et
1086 3170 1192 3235 septem
1201 3167 1310 3221 vascula
1319 3184 1377 3236 per·

146 3270 249 3335 lucida,
258 3269 286 3323 iu
298 3270 398 3339 quibus
409 3268 600 3337 septemplices
611 3266 733 3335 liquores
743 3266 864 3335 praedicti
876 3266 1093 3329 continebantur,
1106 3266 1195 3335 quide
1205 3271 1376 3321 ossesanctae

93 3372 129 3425 ³⁰
151 3368 309 3424 Katherinae
332 3368 360 3422 in
378 3373 482 3437 septem
501 3368 578 3421 testis
600 3366 652 3420 sibi
672 3366 881 3420 succedentibus
904 3366 1069 3434 prodierunt,
1087 3370 1117 3418 ut
1139 3365 1309 3433 praemissum
1327 3371 1377 3421 est

148 3466 278 3535 Magister
288 3465 424 3519 Jordunus
435 3465 515 3533 longe
527 3468 591 3517 ante
607 3464 664 3516 haec
678 3469 803 3532 tempora
816 3462 903 3531 tetigit
920 3463 979 3515 haec
989 3463 1126 3531 praedicta,
1137 3479 1265 3516 sermone
1282 3464 1377 3532 penul·

150 3566 222 3619 timo
234 3565 268 3619 de
277 3570 371 3620 sancta
382 3563 539 3628 liutherius,
551 3563 643 3617 dicens
655 3564 728 3632 quod
738 3564 772 3617 de
781 3564 838 3617 suis
848 3563 968 3632 reliquiis
976 3564 1128 3618 benedictis
1137 3564 1165 3616 in
1174 3566 1378 3619 Sororemnnde

148 3669 259 3733 septem
280 3665 353 3717 dona
376 3663 497 3717 caelestia
521 3664 656 3732 stupenda
678 3661 920 3732 supernaturaliter
940 3663 1111 3728 effluxerunt,
1127 3662 1162 3715 ad
1180 3662 1376 3731 designandum

151 3763 230 3833 qnod
242 3762 386 3815 affluenter
394 3761 445 3815 suit
454 3761 608 3815 ioecuudata
620 3766 724 3830 septem
738 3762 817 3815 donis
826 3762 912 3815 sancti
924 3762 1047 3831 Spiritus.
1056 3761 1122 3828 Quae
1131 3763 1216 3815 etiam
1225 3777 1378 3816 munusue

91 3870 127 3921 35
149 3861 325 3917 liberalitatis
337 3866 426 3930 potest
438 3876 472 3914 ex
484 3860 593 3930 speciali
611 3861 790 3929 praerogativa
801 3861 852 3914 sibi
865 3861 995 3914 divinitus
1008 3878 1137 3915 concessa
1149 3861 1278 3914 omnibus
1290 3860 1377 3931 ipsam

149 3961 347 4016 invocantibus
358 3960 472 4015 mirifice
484 3959 651 4028 dispensare.

203 4162 370 4235 Qualiter
389 4163 550 4235 gloriosa
569 4163 675 4235 virgo
697 4163 901 4222 nthertnu
922 4162 1111 4233 quemdum
1132 4163 1332 4222 scholarem

459 4264 685 4322 submersum
704 4260 877 4321 liberavit
897 4275 922 4320 a
942 4264 1069 4321 morte.

193 4452 228 4511 ⁷.
244 4453 567 4520 Commiuantequodarn
577 4452 744 4506 scholarium
754 4458 858 4506 rectore
868 4449 989 4503 nobilem
999 4451 1147 4518 quemdam
1156 4450 1312 4505 scholarem
1321 4466 1380 4504 cor·

92 4564 128 4616 to
150 4555 250 4625 rigere,
263 4553 309 4607 ille
320 4568 433 4621 sperans
450 4568 479 4604 se
495 4568 574 4620 posse
586 4550 711 4613 eradere,
726 4549 845 4602 cucurrit
865 4564 913 4616 per
932 4552 1053 4616 pontem.
1065 4548 1136 4601 Casu
1149 4547 1229 4615 igitur
1246 4547 1280 4601 de
1297 4552 1381 4617 ponte

151 4652 262 4715 cecidit,
283 4656 311 4706 et
327 4653 383 4706 cito
398 4652 558 4705 submersus
576 4650 635 4704 suit.
658 4648 719 4715 Quo
739 4647 841 4703 audito.
860 4652 949 4700 rector
967 4647 1066 4700 timens
1084 4646 1168 4701 occidi
1189 4646 1382 4714 aparentibus
