3270 5400
300 299 393 360 eran.
411 297 492 349 ano.
512 296 685 349 aauxnnn.
704 316 751 326 -
769 295 850 348 con.
869 285 908 346 u⁰
925 292 1051 347 aeas-tc.
1223 274 1295 349 323

171 488 323 558 nplectitur
337 503 434 552 anuos,
442 486 490 555 qni
500 502 518 539 a
529 486 669 555 Stephano
681 487 717 540 ad
729 487 872 543 Simonem
884 486 1013 541 abbatem
1026 486 1062 540 IX
1073 485 1297 551 iluxerunt,nihil

174 604 244 659 opus
255 586 368 642 Reineri
381 587 421 640 Dc
435 588 546 655 ineptiis
554 587 698 651 cujusdam
708 588 805 652 idiota,
816 587 906 640 tribus
917 590 1070 655 quatuorve
1082 583 1297 655 interpolationi-

170 692 308 756 urpatum.
326 685 451 739 Tandem
463 685 572 739 tertiam
585 689 699 754 partem,
712 702 774 753 quae
784 685 884 740 desinit
896 686 925 739 in
933 684 1074 753 Stephano
1092 684 1192 738 abbate
1203 683 1297 750 XXIV,

171 785 320 840 luillelmus
338 784 426 838 Arndt
438 800 471 838 ex
483 784 537 837 hoc
546 784 641 838 codice
653 783 681 837 in
693 786 766 838 Mon.
779 783 878 850 Germ„
890 800 941 837 scr.
954 788 1019 837 tom.
1031 783 1088 837 xx.
1102 782 1156 837 Sed
1165 783 1297 853 quoniam

171 900 201 938 ce
213 884 390 938 continentur
408 888 437 936 et
454 882 559 951 reliqua
573 882 686 936 Reineri
704 882 836 952 opuscula
844 881 988 946 historica,
1000 881 1126 935 dolemus
1136 881 1297 950 praedictum

171 997 194 1034 m
206 980 295 1034 virum
309 981 338 1034 in
349 979 393 1034 his
403 980 516 1034 edendis
528 996 608 1048 aequo
617 979 710 1033 minus
719 981 754 1034 ad
763 980 886 1034 codicem
896 985 1022 1034 nostrum
1034 980 1192 1035 attendisse.

171 1184 197 1255 l⁰
222 1181 354 1256 Passio
373 1182 408 1256 S.
427 1180 617 1256 Laurentii
633 1181 808 1274 martyris
824 1182 903 1274 (iol.
918 1183 1023 1274 Μ)
1039 1180 1098 1279 (1).

171 1329 188 1367 o
200 1312 236 1365 ab
246 1316 358 1366 auctore
367 1313 488 1381 quodam
499 1328 639 1381 anonymo
648 1312 812 1381 conscripta,
822 1311 870 1382 qni
878 1312 912 1366 ad
923 1328 993 1381 opus
1002 1328 1084 1366 suum
1095 1311 1297 1366 conficiendum

171 1410 259 1464 cuibus
268 1410 368 1465 habuit
375 1410 510 1464 iacobum
521 1427 538 1463 a
548 1409 685 1478 voragine
694 1426 726 1464 ac
735 1410 896 1464 Passionem
906 1409 1009 1464 editam
1018 1410 1092 1478 apud
1101 1409 1299 1475 llombritium,

183 1509 278 1564 nihile
291 1526 364 1578 penu
376 1526 426 1564 suo
435 1510 540 1563 addeum
552 1509 606 1564 nisi
615 1508 747 1563 nonnulla
762 1508 908 1574 mirabilia,
917 1525 978 1578 quae
990 1508 1019 1563 iu
1030 1508 1175 1563 nativitate
1186 1507 1299 1563 sanctis-

171 1610 260 1678 trtyris
270 1609 415 1678 contigisse
428 1594 595 1663 serebantur.

171 1711 198 1782 l⁰
223 1711 315 1784 Item
332 1710 462 1784 Passio
480 1710 578 1784 beati
602 1709 792 1784 Laurentii
817 1709 1040 1785 archilevitae
1066 1715 1103 1783 et
1125 1710 1299 1804 martyris

210 1825 347 1900 Christi
363 1826 403 1899 in
419 1827 590 1900 versibus
603 1823 707 1901 ncctis
725 1827 800 1920 (iol.
815 1826 956 1919 ΜΨ).

171 1972 215 2010 nre
232 1957 326 2010 iorsan
344 1957 451 2011 loanne
472 1958 506 2011 de
531 1956 655 2011 Stabulo.
674 1956 783 2011 Etenim
806 1971 840 2009 er
863 1955 979 2010 elencho
1001 1955 1134 2010 librorum
1154 1971 1225 2025 quos
1241 1956 1300 2025 ipae

171 2055 206 2109 sit
217 2056 415 2125 composuitve‚
427 2056 571 2110 indubium
590 2061 632 2110 est
650 2072 714 2109 eum
727 2059 869 2110 auctorem
880 2055 919 2123 (t)
940 2070 999 2109 esse
1017 2055 1160 2123 cujusdam
1177 2055 1300 2110 metricae

171 2155 210 2219 ris,
224 2154 253 2208 in
269 2171 325 2224 qua
336 2172 400 2208 cum
410 2155 511 2209 Christi
523 2155 580 2209 vita
590 2156 616 2209 S.
625 2154 765 2210 Laurentii
779 2154 836 2208 vita
844 2160 1028 2223 comparatur.
1040 2153 1102 2209 lam
1113 2170 1180 2210 uero
1192 2154 1239 2209 hic
1247 2155 1299 2209 sub

171 2256 247 2308 istam
264 2254 500 2324 comparationem
517 2254 676 2308 invenimus
692 2253 779 2308 hocce
797 2254 882 2307 modo
900 2251 1059 2308 inchoatam
1070 2272 1077 2307 ι
1087 2252 1102 2279 “
1112 2255 1150 2307 At
1160 2254 1302 2308 leuitatibi

183 2355 274 2407 aociua
285 2354 357 2419 bone,
367 2354 450 2408 scribi
458 2394 482 2420 „.

171 2486 185 2521 e.
264 2467 359 2521 Passio
371 2467 502 2522 Laurenti
512 2470 525 2498 *
534 2497 568 2506 —
577 2467 622 2521 via
633 2467 670 2522 sit
681 2466 751 2521 mihi
763 2467 826 2521 lecta
834 2465 951 2532 canenti,
1382 2456 1397 2484 ⁰
1408 2458 1487 2533 m„

262 2565 357 2619 Passio
368 2565 506 2619 nullorum
520 2565 653 2620 -minor
662 2564 718 2618 ullo
731 2544 936 2633 martyriorum,
1348 2520 1497 2575 [ΗΘΜ

260 2664 327 2732 Quae
340 2665 559 2719 venerandorum
569 2693 598 2704 -
609 2665 760 2719 recitantur
767 2663 871 2732 ubique
880 2663 1002 2719 virorum

260 2763 347 2816 Nemo
360 2763 472 2833 quidem
484 2763 583 2833 legitur
594 2796 627 2804 -
638 2768 757 2817 certasse
769 2762 865 2832 magis,
876 2778 967 2831 neque
978 2762 1064 2817 scitur

258 2862 394 2917 Omnibus
406 2879 438 2915 ex
451 2865 525 2917 uotis
537 2891 568 2899 u
581 2879 630 2932 pro
640 2863 750 2916 Christo
761 2860 894 2930 sanguine
904 2860 969 2916 lotis

257 2961 347 3014 Tanta
360 2961 418 3025 tuit,
428 2961 490 3014 talis
501 2991 532 2999 -
543 2978 597 3030 que
610 2960 659 3014 tibi
673 2960 714 3014 uis
726 2959 882 3030 spiritualis.

184 3119 189 3130 .
257 3076 296 3130 Te
309 3093 405 3146 precor
417 3078 440 3139 *‚
450 3078 520 3130 hanc
532 3076 653 3130 animam
664 3105 697 3115 —
706 3076 870 3130 miserorum
884 3075 988 3145 respice
997 3075 1124 3144 primam.
1381 3064 1395 3095 ⁸
1406 3067 1463 3119 0⁰⁶¹·

258 3177 295 3230 Ut
303 3193 359 3230 uon
370 3177 524 3238 damnetur,
533 3204 565 3215 -
577 3192 633 3229 non
646 3176 714 3245 ignis
726 3175 751 3229 ei
761 3176 918 3229 dominetur
929 3194 935 3238 ;
1332 3129 1371 3184 Te
1380 3130 1520 3200 depremr'

259 3274 390 3339 Obsecro,
402 3275 440 3328 sis
451 3275 580 3328 alacer—
592 3274 670 3339 mihi,
681 3291 737 3328 uon
749 3275 787 3328 sis
799 3274 884 3327 durus
896 3279 924 3328 et
938 3290 1009 3328 acer.

261 3374 323 3427 Heu
335 3373 416 3427 mihi!
429 3373 530 3441 deliqui
542 3402 572 3410 -
584 3373 643 3438 tibi,
653 3373 718 3426 dum
729 3377 776 3425 tua
785 3377 873 3425 castra
885 3371 983 3439 reliqui
994 3390 1001 3435 ;

260 3473 314 3526 Sed
325 3478 399 3542 peto,
412 3473 447 3525 da
459 3473 569 3526 veniam
578 3493 585 3537 ;
594 3489 697 3527 -reus
707 3473 783 3526 haud
796 3477 822 3526 te
830 3471 923 3540 judice
935 3472 1017 3525 liam:

260 3573 294 3627 Ut
304 3572 392 3641 pietas
404 3572 546 3626 Christi-
556 3573 622 3626 dum
634 3573 765 3642 penderet
775 3587 856 3625 cruce
869 3570 940 3625 tristi

258 3671 362 3726 Extulit
371 3688 498 3725 erronem
509 3701 537 3710 —
554 3671 672 3741 paradisi
683 3672 747 3725 dote
759 3671 904 3735 latronem,

258 3769 300 3824 lde
310 3771 351 3824 ier
360 3772 395 3824 ab
405 3770 499 3824 inieris
513 3770 592 3824 -sic
604 3771 638 3824 ad
650 3776 696 3824 tua
705 3786 789 3839 regna
801 3769 934 3823 cavernis.

260 3866 332 3921 blois
344 3873 391 3921 tua
404 3867 537 3921 falsorum
547 3897 575 3905 —
587 3884 662 3921 mors
674 3867 779 3921 exstitit
790 3867 936 3929 idolorum,

262 3965 335 4019 Mors
347 3971 395 4020 tua
404 3982 548 4020 servorum
560 3967 592 4004 ὲ
602 3966 672 4020 mihi
681 3982 759 4020 mors
768 3966 817 4019 fiat
827 3965 966 4020 vitiorum.

259 4065 372 4134 Septem
384 4066 521 4119 donorum
535 4097 566 4105 -
579 4070 606 4119 te
615 4065 702 4132 pratia
714 4065 885 4119 sidereorum

259 4164 376 4218 Passum
387 4166 515 4229 sacravit,
525 4193 557 4203 -
568 4165 763 4233 Christumque
775 4164 829 4218 sibi
838 4164 969 4219 sociauit:
1078 4166 1087 4190 '·

260 4263 299 4317 'l'e
312 4263 381 4318 duce
394 4264 435 4317 vis
448 4264 591 4318 Christi·
603 4280 648 4317 me
660 4269 808 4333 protegata
821 4280 888 4317 nece
896 4263 976 4318 tristi.

171 4428 304 4483 Benedicti
321 4431 433 4482 obbatis.
445 4458 477 4468 -
489 4429 546 4483 Fol.
558 4431 608 4483 61ῐι
622 4430 662 4482 De
675 4432 872 4483 corraecrotione
884 4432 984 4482 altoris
993 4431 1177 4497 apostolorum
1189 4429 1264 4482 Petri
1275 4437 1299 4484 et

171 4539 196 4551 -
208 4512 277 4565 ibid.
297 4514 468 4566 Consecrctio
485 4515 602 4566 oratorii
619 4513 646 4565 S.
663 4512 808 4566 Jocobi.-
827 4512 894 4566 lbid.
913 4513 1299 4580 Decruciflxoauperoatium

171 4624 188 4633 -
198 4595 235 4661 (l)
247 4594 304 4648 Fol.
319 4596 330 4649 l
343 4595 494 4664 descriptus
506 4600 548 4648 est
560 4595 640 4648 index
654 4599 859 4659 contentorum;
873 4594 925 4647 vid.
937 4610 1028 4663 supra.
1040 4621 1072 4632 -
1082 4595 1119 4662 (i)
1133 4595 1166 4648 de
1178 4594 1299 4648 Bellien-

174 4694 219 4731 nn.
232 4680 265 4731 de
273 4680 301 4732 lo
312 4679 421 4732 Bibliot.
434 4678 543 4747 Repete,
554 4678 627 4744 1840,
635 4695 659 4747 p.
672 4695 695 4732 ι.
