3270 5400
453 350 546 402 arsa.
563 349 646 403 aaa.
665 349 837 402 samana.
856 371 903 383 -
920 352 1001 406 con.
1019 341 1058 404 u⁰
1074 351 1167 403 rasas.
1354 331 1428 404 433

407 657 608 746 GXOVIII.
636 658 761 747 Codex
787 663 974 769 signatus
999 679 1044 745 n⁰
1070 659 1218 750 21885.

227 902 367 957 Foliorum
386 902 443 966 223,
461 902 557 956 iornrae
573 903 671 957 mediae
693 904 782 968 (0¹¹¹‚36
794 911 819 961 Χ
831 904 924 969 aaut),
942 903 1014 957 binis
1031 902 1175 967 columnis,
1193 902 1272 957 lineis
1294 903 1427 973 staphide

195 1000 290 1064 ductis,
303 1016 359 1053 una
369 1014 454 1053 manu
466 999 551 1053 nitide
563 1005 692 1054 exaratus
704 1016 776 1054 anno
789 1001 899 1055 Domini
912 1001 984 1054 tarr.
1005 998 1089 1053 Tituli
1100 998 1233 1053 rubricati
1245 1003 1316 1065 sunt,
1329 999 1427 1053 litterar

197 1114 262 1152 vero
276 1076 395 1164 majores
404 1097 488 1151 variis
506 1098 645 1152 coloribus
660 1097 774 1167 depictae
793 1098 913 1166 perbelle
931 1101 1077 1151 exomatae.
1089 1097 1129 1150 Ea
1148 1101 1239 1150 antem
1258 1100 1300 1149 est
1312 1095 1428 1150 ornandi

195 1198 266 1252 ratio
279 1201 310 1251 nt
318 1197 468 1252 litterarum
479 1212 543 1266 pars
554 1197 669 1252 interior
678 1197 869 1252 diversimodis
878 1195 1108 1251 delineationibus
1119 1195 1298 1264 compleatur,
1307 1195 1427 1265 ipsisque

195 1296 293 1350 litteris
305 1300 469 1350 enascantur
480 1298 616 1350 linearum
628 1296 732 1350 sinuosi
744 1313 869 1351 recursus
878 1297 926 1366 qui
934 1296 1051 1350 subinde
1057 1311 1106 1365 per
1115 1298 1204 1349 totum
1211 1294 1309 1349 folium
1318 1294 1427 1348 deducti

195 1400 268 1449 sunt
289 1397 360 1449 Ante
381 1395 499 1450 indicem
520 1400 713 1450 contentorum
726 1397 785 1449 haec
803 1395 850 1449 fol.
863 1398 887 1450 1¹
900 1395 997 1450 litteris
1016 1395 1162 1448 rubricatis
1174 1394 1317 1464 leguntur:
1329 1396 1363 1448 In
1380 1396 1428 1447 hoc

195 1497 330 1548 volumine
355 1497 526 1549 continentur
551 1497 691 1562 passiones
715 1497 902 1563 plurimorum
929 1502 1086 1548 sanctarum
1113 1501 1275 1561 martyrum.
1305 1493 1428 1559 Quorum

195 1595 307 1646 nomina
319 1594 473 1660 subscripta
483 1601 554 1647 sunt.
561 1594 598 1646 m
606 1595 745 1647 sciendum
757 1595 828 1660 quad
838 1594 887 1646 hoc
898 1595 1019 1646 columen
1027 1595 1158 1659 scriptum
1168 1593 1224 1658 fuit
1233 1607 1305 1644 anno
1316 1592 1429 1644 Domini

194 1694 339 1746 millesima
358 1693 536 1746 ducentesimo
553 1695 749 1761 septaapesimo
766 1695 885 1760 septima,
897 1700 990 1759 apente
1007 1694 1115 1745 damino
1133 1692 1233 1758 Epidio
1253 1693 1286 1744 dc
1299 1693 1430 1758 Gaurana

195 1799 260 1845 tunc
269 1794 373 1860 priore.
382 1792 508 1844 Servanti
514 1792 666 1844 benedictio.
680 1793 826 1857 Aufcrcnti
837 1792 996 1844 maledictio.
1009 1791 1083 1854 Fiat,
1092 1792 1150 1856 fiat.
1163 1788 1255 1843 Codex
1268 1789 1320 1844 fuit
1329 1789 1354 1843 S.
1362 1789 1429 1843 blar-

194 1889 246 1943 tini
258 1889 443 1944 Tornacensis
465 1909 471 1943 :
490 1906 553 1943 nam
573 1895 755 1959 praeterquam
780 1890 855 1959 quod
878 1889 1011 1956 maiorem
1032 1888 1240 1942 similitudinem
1262 1888 1346 1942 refert
1365 1903 1428 1942 curn

195 1987 256 2043 aliis
276 1988 417 2042 codicibus
437 1989 485 2057 qui
507 1992 582 2042 certo
603 1989 728 2042 sciuntur
749 1988 814 2042 olim
836 1988 870 2041 ad
890 1987 983 2042 Sancti
999 1987 1107 2042 Martini
1127 1986 1299 2056 pertinuisse,
1310 1986 1431 2056 AEgidius

195 2087 230 2141 de
250 2086 377 2156 Gaureng
388 2103 461 2141 anno
483 2087 547 2140 1959
569 2087 640 2141 inter
651 2086 772 2154 ejusdem
785 2086 902 2141 coenobii
919 2086 1073 2140 monachos
1092 2084 1334 2139 annumerabatur.
1349 2083 1429 2151 Quod

197 2190 305 2240 constat
316 2201 350 2240 ex
361 2185 457 2239 charta
468 2201 552 2254 quam
564 2186 641 2240 dedit
652 2185 792 2240 comitissa
801 2185 933 2240 Plandriae
942 2185 976 2239 de
988 2185 1095 2239 decima
1105 2187 1231 2253 coempta
1241 2199 1258 2237 a
1267 2181 1427 2237 Willhelmo
1532 2230 1536 2237 ,

195 2284 229 2337 de
238 2284 365 2338 Baudnin
376 2284 452 2337 Mont
463 2283 508 2350 (1).

298 2480 334 2551 l⁰
359 2477 489 2552 Passio
503 2478 539 2551 S.
558 2477 737 2570 Stephani
754 2501 861 2572 papae
878 2485 914 2552 et
927 2477 1100 2572 martyris
1114 2477 1188 2576 (fol.
1203 2478 1340 2577 trior).

227 2607 308 2662 Edita
322 2607 349 2661 in
363 2610 421 2662 Act.
434 2609 488 2674 SS..
500 2609 534 2661 ad
547 2608 572 2662 d.
582 2609 598 2662 b
607 2612 684 2677 Aug„
696 2614 763 2663 tom.
776 2609 795 2674 l,
808 2626 834 2677 p.
848 2610 895 2663 139
904 2625 963 2678 sqq.

294 2707 334 2780 t⁰
358 2707 527 2781 Iuventio
541 2708 638 2781 beati
656 2708 835 2800 Stephani
849 2709 1158 2802 prothomartyris
1172 2708 1245 2807 (fol.
1268 2708 1428 2806 100140).

228 2832 351 2902 Epistola
362 2834 476 2889 Luciani
486 2852 557 2904 saepe
569 2835 614 2890 cit

295 2937 334 3008 30
359 2935 489 3009 Passio
504 2936 567 3010 SS.
584 2936 720 3010 Donati
733 2936 893 3029 episcopi
910 2944 947 3011 et
963 2937 1120 3012 Hilarini
1138 2938 1313 3013 monachi
1331 2960 1429 3013 mar·

344 3057 470 3144 tyrum
488 3050 561 3149 (fol.
584 3053 742 3149 tlt-blf).

229 3179 344 3234 Constat
363 3181 426 3235 Vita
443 3181 469 3234 S.
488 3181 587 3236 Donati
604 3183 723 3251 episcopi
743 3199 774 3236 ac
793 3181 924 3237 Passione
944 3184 971 3238 S.
992 3184 1093 3238 Donati
1113 3184 1232 3253 episcopi
1254 3189 1281 3238 et
1303 3184 1430 3252 martyris

197 3279 276 3333 editis
285 3281 359 3348 apud
370 3281 567 3346 Mambritinm,
575 3286 640 3335 tom.
653 3282 674 3335 I.

295 3383 336 3453 40
361 3381 493 3456 Passio
523 3384 587 3458 SS.
613 3382 847 3477 Secundiani,
865 3384 1015 3458 Variani
1041 3391 1078 3458 et
1105 3383 1331 3458 Marcelliani
1354 3384 1428 3480 (fol.

345 3498 506 3572 ww.
590 3543 592 3548 -

229 3626 324 3681 Passio
336 3628 419 3696 paulo
432 3498 519 3682 iusi)or
529 3644 561 3681 ea
572 3644 634 3697 quae
643 3628 717 3682 edita
726 3632 768 3682 est
778 3629 808 3682 in
820 3632 880 3683 Act.
893 3629 947 3693 SS„
959 3629 993 3682 ad
1007 3630 1057 3684 d.9
1069 3629 1145 3698 Aug„
1158 3634 1224 3683 tom.
1237 3629 1271 3693 ll,
1284 3646 1309 3698 p.
1320 3629 1377 3683 tot.

297 3728 338 3801 5⁰
363 3727 493 3802 Passio
527 3734 743 3803 sanctorum
779 3734 985 3821 martyrum
1020 3727 1136 3821 Syrti,
1171 3729 1363 3803 Laurentii
1395 3736 1431 3803 et

346 3843 497 3937 Ypolyti
515 3851 723 3936 martyrum
738 3845 811 3940 (fol.
831 3844 994 3941 tlt-bil).

229 3972 392 4042 Fragmenta
400 3974 528 4042 quadam
537 3973 672 4028 lictorum
684 3990 745 4043 quae
754 3974 806 4027 snb
817 3990 922 4028 numm.
932 3975 968 4038 6⁰,
980 3975 1008 4027 70
1021 3977 1205 4028 recensentur.

296 4076 337 4146 60
362 4074 490 4148 Passio
509 4074 545 4148 S.
559 4074 748 4149 Laurentii
761 4075 935 4167 martyris
953 4074 1026 4170 (fol.
1045 4075 1207 4171 Pil-30l).

230 4203 309 4260 Edita
320 4205 393 4273 apud
404 4205 601 4270 blombritium,
614 4209 680 4259 torn.
693 4205 716 4258 ll
728 4205 779 4259 sub
789 4205 842 4258 hoc
856 4204 935 4258 titulo
949 4207 1044 4259 Passio
1053 4213 1209 4259 sanctourm
1223 4205 1303 4272 Xysts'
1314 4206 1431 4271 episcopi

194 4287 363 4357 felicissimi
374 4311 399 4357 ct
410 4305 524 4373 Apapiti
534 4312 696 4371 martyrum.

229 4517 268 4583 (1)
280 4517 436 4652 Uargulam
447 4521 478 4572 cte
487 4519 513 4571 S.
525 4520 639 4585 Martio,
648 4535 673 4588 p.
685 4519 742 4584 260,
752 4518 781 4570 in
790 4517 910 4570 Archino
919 4517 1002 4584 regio,
1011 4516 1098 4570 sectio
1110 4517 1280 4570 Canulaires
1289 4523 1431 4570 amanus·

192 4600 333 4663 crits,n⁰l
356 4601 376 4653 1.

295 4761 390 4799 caran
407 4761 488 4800 sans.
505 4763 531 4800 r.
547 4763 577 4802 n.
1299 4744 1333 4798 98
