3270 5400
135 3016 148 3043 ⁸
159 3017 216 3067 cod.
227 3030 293 3083 pras·

141 3080 283 3134 munitam.

336 332 382 405 bl
670 354 794 405 erran.
821 355 923 406 cono.
951 354 1225 405 asoroenaenrc.

335 543 486 611 quamlibet
503 544 630 597 virtutem
651 545 678 597 in
697 544 782 603 initio,
794 542 837 595 vel
854 542 877 595 si
896 558 952 595 non
970 544 1063 611 possit,
1081 545 1109 597 in
1126 544 1226 606 medio,
1239 548 1285 596 aut
1304 544 1414 597 tandem
1428 543 1558 597 insidians

335 641 472 709 calcaneo,
484 642 511 695 id
523 647 564 696 est
576 643 603 696 in
615 643 677 706 fine,
689 649 804 695 conatur
816 642 940 705 obruere,
948 641 1036 695 multa
1044 646 1140 695 centra
1152 642 1322 710 propositum
1333 642 1445 710 virginis
1454 641 1488 695 de
1497 659 1559 695 eon·

334 741 469 794 servanda
480 742 604 794 castitate
616 747 776 809 argumenta
793 740 921 808 nequitias
938 741 1116 808 praetendens
1128 741 1311 808 quorumdam
1330 741 1437 794 animos
1455 741 1482 794 in
1501 742 1560 808 ejus

336 841 583 907 concupiscentiam
597 840 709 893 molitur
720 840 877 893 accendere.

381 937 435 994 10.
459 937 527 990 b'arn
540 955 602 990 curn
614 936 720 1004 longius
732 938 760 990 in
771 941 828 989 tota
836 937 936 990 vicinia
945 937 987 990 rel
998 937 1080 990 etiarn
1091 938 1119 990 in
1130 937 1240 990 remotis
1250 937 1372 1005 partibus
1381 941 1437 989 tarn
1448 936 1559 990 illustris
1577 947 1592 994 a

336 1035 433 1104 puellas
445 1034 519 1087 lama
530 1033 768 1102 percrebresceret,
778 1036 841 1085 tunc
853 1031 951 1099 plures,
965 1037 1020 1085 tam
1033 1032 1162 1100 dignitate
1181 1032 1287 1100 generis
1299 1049 1381 1100 quarn
1393 1049 1485 1085 rerum
1504 1032 1559 1100 opi·

335 1132 388 1186 bus
399 1137 587 1201 prepotentes,
599 1148 661 1184 eam
674 1130 725 1183 sibi
742 1146 870 1198 sponsam
887 1130 1001 1182 concedi
1018 1145 1034 1181 a
1050 1135 1127 1197 patre
1145 1146 1319 1198 summopere
1336 1129 1521 1199 postulabant,
1533 1136 1560 1183 et

336 1231 391 1286 tale
403 1231 559 1300 conjugium
569 1231 680 1298 adipisci
694 1230 818 1283 certatim
831 1229 999 1282 insistebant.
1012 1228 1059 1281 llle
1070 1245 1143 1292 vero,
1155 1230 1220 1297 quia
1232 1229 1293 1282 iiliae
1306 1229 1365 1282 hae
1376 1230 1493 1282 molesta
1502 1232 1560 1283 iore

336 1330 472 1393 credebat,
485 1329 663 1398 quaerentium
676 1329 850 1397 repetitiones
867 1345 915 1396 per
931 1329 1051 1397 singulos
1068 1328 1125 1381 dies
1143 1328 1292 1381 differebat.
1309 1328 1383 1381 Inter
1400 1345 1469 1397 quos
1480 1328 1560 1382 miles

336 1429 447 1498 quidam
457 1429 508 1481 diri
520 1428 647 1489 nominis,
656 1427 821 1491 Harduinus,
830 1433 933 1495 quanto
945 1426 1080 1481 valentior
1092 1427 1196 1490 ceteris,
1215 1431 1291 1480 tanto
1309 1427 1395 1495 magis
1408 1426 1560 1480 fiducialius
1579 1437 1607 1486 to

336 1529 365 1583 in
382 1528 552 1596 assequendo
564 1528 638 1595 quod
656 1527 810 1588 affectabat,
827 1527 900 1595 apud
917 1526 1067 1580 Hunlinum
1086 1526 1225 1594 promissis
1244 1532 1270 1579 et
1289 1527 1415 1595 precibus
1433 1527 1560 1580 instabat.

336 1627 391 1680 Nec
403 1627 475 1694 prius
487 1645 504 1679 a
513 1628 606 1694 eoeplis
618 1626 722 1679 destitit
730 1643 813 1694 quarn
826 1626 898 1693 quod
911 1625 1020 1694 petebat
1032 1625 1200 1693 impetravit,
1211 1630 1238 1677 et
1253 1625 1299 1685 sic.
1308 1631 1410 1679 statuta
1422 1626 1466 1679 die
1478 1643 1560 1693 spon·

335 1726 475 1790 saliorum,
487 1725 607 1793 gaudens
616 1724 754 1777 abscessit.
773 1724 822 1777 His
839 1724 877 1776 ita
896 1724 1036 1792 ignorante
1053 1722 1144 1792 puella
1162 1724 1282 1791 patratis,
1301 1729 1362 1791 post
1379 1725 1437 1776 dies
1455 1724 1561 1791 aliquot

335 1830 461 1893 parentes
473 1840 534 1876 eam
547 1823 716 1892 alloquentes
728 1823 828 1876 obnixe
840 1822 971 1876 sciscitari
984 1826 1132 1890 coeperunt,
1141 1822 1163 1875 si
1177 1822 1224 1874 tali
1236 1823 1334 1874 marito
1346 1823 1466 1891 copulari
1478 1823 1560 1876 rellel

335 1923 379 1976 cui
398 1938 457 1974 eam
479 1922 643 1990 desponsare
655 1922 795 1990 parabant.
816 1922 885 1974 Dein
902 1921 1025 1973 suasoria
1038 1920 1174 1988 colloquia
1191 1921 1346 1983 miscentes,
1364 1921 1449 1973 multa
1462 1921 1487 1973 ei
1499 1938 1561 1989 pro·
1578 1928 1608 1974 lb

335 2026 448 2089 ponunt,
460 2021 576 2073 formam
595 2020 644 2074 riri
662 2021 805 2088 egregiam,
817 2020 938 2082 honoris,
955 2020 1092 2087 potentiae,
1105 2020 1261 2073 divitiarum
1280 2021 1450 2088 aliarumque
1468 2037 1560 2074 rerum

336 2119 512 2188 opulentiam,
524 2123 676 2172 asserentes
693 2119 775 2172 eliam
793 2123 939 2185 utrumque
952 2135 1012 2171 eam
1026 2135 1105 2188 posse
1117 2118 1262 2171 salubriter
1273 2118 1402 2186 implere:
1419 2119 1523 2172 scilicet
1535 2125 1561 2172 et

336 2219 410 2268 caste
428 2215 553 2283 conjugio
570 2231 675 2276 vacare,
694 2219 721 2267 ct
738 2214 881 2268 laniulatui
899 2216 945 2268 Dei
962 2220 1023 2282 apte
1043 2215 1193 2277 deservire;
1212 2215 1282 2268 sicut
1298 2215 1333 2267 ab
1352 2215 1435 2277 initio,
1448 2216 1562 2284 antiqua

336 2318 424 2377 aetate,
433 2314 562 2366 mulieres
574 2317 674 2366 sanetae
686 2318 713 2366 et
722 2315 872 2382 conjugatae
883 2314 939 2366 Deo
949 2315 1098 2381 probantur
1107 2314 1248 2382 placuisse.

381 2412 437 2467 11.
459 2412 501 2463 Ad
513 2409 572 2464 lutee
582 2411 657 2480 virgo
669 2412 696 2464 in
709 2412 785 2479 cujus
797 2413 889 2466 animo
900 2413 956 2479 jam
967 2412 1024 2465 brec
1035 2418 1061 2464 et
1071 2419 1177 2465 terrena
1189 2418 1287 2465 cuncta
1296 2412 1438 2477 viluerant,
1448 2430 1559 2481 respon·
1576 2416 1606 2465 10

336 2509 421 2564 sionis
432 2526 488 2561 suae
501 2508 597 2576 accipit
615 2508 743 2570 inducias,
755 2513 793 2569 ut,
811 2508 838 2561 in
855 2508 1001 2561 crastinum
1021 2525 1184 2577 responsura
1200 2510 1320 2578 satisque
1337 2527 1418 2579 super
1437 2510 1480 2563 lris
1497 2527 1560 2578 quae

337 2609 462 2663 audierat
472 2608 561 2670 anxia,
573 2624 606 2660 eo
618 2607 705 2659 noctis
723 2608 810 2675 spatio
827 2607 996 2661 meditationi
1014 2608 1096 2660 simul
1113 2614 1140 2662 et
1158 2608 1275 2661 orationi
1294 2609 1428 2672 insistens,
1441 2610 1560 2662 subveu-

338 2709 441 2762 tionem
454 2706 505 2759 sibi
514 2724 531 2759 a
542 2706 659 2760 Domino
672 2706 837 2773 impleraret.
849 2706 932 2773 Cujus
941 2707 1095 2775 deprecatio
1108 2708 1165 2760 baec
1177 2707 1300 2775 specialis
1312 2710 1377 2773 erat,
1390 2724 1424 2761 ne
1436 2725 1558 2776 unquam

337 2807 383 2862 ille
396 2807 439 2858 cui
448 2823 476 2859 se
489 2811 574 2858 totam
585 2806 740 2867 devoverat,
750 2805 901 2858 castitatem
914 2822 991 2859 suani
1005 2807 1141 2874 corrumpi
1160 2811 1304 2874 pateretur,
1317 2808 1364 2859 sed
1376 2807 1463 2875 magis
1476 2808 1559 2860 virtu·

338 2909 394 2959 tem
408 2906 435 2958 in
448 2906 536 2967 corde,
549 2910 738 2957 etsermonem
750 2909 853 2956 rectum
867 2910 893 2957 et
905 2905 974 2958 bene
986 2910 1128 2957 sonantem
1141 2905 1169 2958 in
1182 2921 1212 2957 os
1224 2905 1283 2971 ejus
1293 2905 1459 2969 immitteret,
1469 2905 1559 2974 quati·
1576 2909 1606 2957 25

338 3020 390 3057 nus
401 3004 562 3072 premonita
574 3005 586 3033 *
596 3003 709 3056 consilio
719 3003 833 3071 geminae
852 3003 1027 3071 protectionis
1039 3008 1067 3055 et
1079 3004 1248 3072 insurgentes
1260 3004 1288 3056 in
1303 3021 1332 3057 se
1344 3004 1457 3057 viriliter
1470 3005 1559 3057 revin-

337 3108 411 3156 ceret
420 3107 447 3155 et
458 3119 548 3155 arcent
561 3102 722 3170 virginitatis
735 3102 920 3155 inconcussam
935 3102 1037 3155 valeret
1049 3101 1180 3155 obtinere.

381 3199 436 3258 12.
460 3201 608 3269 Postquam
622 3217 685 3269 ergo
703 3201 859 3267 hujusmodi
873 3200 997 3268 precibus
1015 3205 1042 3252 et
1063 3200 1160 3267 vigiliis
1180 3205 1287 3253 noctem
1306 3201 1380 3253 illam
1399 3217 1467 3269 pene
1486 3200 1559 3254 inso-

335 3316 428 3353 mnem
446 3300 555 3361 ducens,
572 3298 665 3352 clauso
682 3299 752 3352 ostio
771 3297 888 3351 cubiculi
908 3298 959 3360 sui,
972 3297 1078 3349 Patrem
1096 3314 1176 3350 suurn
1189 3297 1291 3351 diutius
1309 3299 1404 3361 orarit,
1416 3305 1556 3366 postremo

335 3399 490 3467 evangelica
507 3399 648 3460 sententia,
663 3400 716 3463 Qui
727 3406 799 3449 areret
808 3405 913 3464 petrem
926 3415 1005 3449 sustu
1014 3405 1061 3449 erut
1070 3405 1182 3449 rnatrem
1190 3399 1253 3463 plus
1262 3415 1343 3464 piram
1353 3415 1391 3450 ore
1402 3415 1454 3449 rtorr
1467 3406 1505 3450 est
1518 3416 1558 3451 me
1575 3410 1604 3461 30

334 3500 441 3564 diprtus,
459 3502 486 3549 et
504 3497 577 3555 item.
598 3498 691 3549 Omnis
708 3500 755 3564 qai
772 3499 912 3564 reliquerit
927 3498 1035 3548 dorsum
1052 3504 1100 3548 uret
1112 3504 1220 3564 patrem
1238 3505 1285 3549 aut
1305 3505 1424 3559 ortttrem,
1443 3496 1557 3565 aliisque

335 3595 471 3649 Dominiei
480 3596 614 3648 sermonis
626 3595 742 3647 oraculis
754 3595 890 3656 roborata,
899 3595 947 3646 sed
957 3599 984 3647 et
995 3594 1125 3660 angelica,
1138 3599 1169 3647 ut
1180 3596 1272 3657 fertur,
1283 3594 1387 3648 visione
1397 3595 1558 3655 exhilarata.

334 3698 493 3762 competens
502 3709 518 3745 a
528 3694 584 3746 Deo
593 3709 643 3746 sue
653 3693 680 3745 in
691 3692 864 3745 tribulatione
874 3709 923 3745 sua
933 3693 1032 3745 meruit
1042 3693 1179 3761 percipere
1190 3692 1327 3746 solatium.

378 3791 434 3850 13.
458 3794 494 3847 Ut
511 3807 575 3843 sero
593 3790 651 3842 dies
669 3790 747 3843 terris
764 3794 804 3842 est
823 3789 950 3847 redditus.
968 3790 1087 3844 diluculo
1104 3797 1230 3859 parentes
1248 3790 1321 3859 petit.
1339 3790 1437 3843 Coram
1456 3795 1558 3855 astans,

335 3888 442 3943 initium
452 3885 582 3955 loquendi
594 3886 629 3938 ab
642 3885 680 3938 eis
692 3885 852 3939 sustinebat
864 3885 986 3938 Tandem
999 3890 1075 3954 pater
1088 3905 1094 3938 ι
1106 3888 1184 3939 Horo
1196 3895 1241 3949 est,
1254 3885 1349 3954 inquit,
1361 3902 1376 3938 o
1386 3888 1454 3951 filio,
1468 3904 1521 3953 quo
1534 3895 1558 3939 te
1574 3903 1606 3953 35

334 3989 410 4041 nobis
426 4002 618 4054 responsuram
638 3987 811 4052 spopondisti.
833 3987 905 4050 Quid
923 4002 985 4050 erpo
1002 3987 1033 4037 de
1051 4002 1171 4038 sermone
1187 3994 1278 4038 nostre
1294 3993 1378 4038 tecum
1391 3988 1558 4051 tractaveris,

335 4090 432 4141 audire
443 4088 552 4140 solliciti
563 4086 755 4137 desideremus.
768 4083 844 4136 Tune
857 4083 901 4136 illa
914 4084 982 4137 nibil
1000 4084 1136 4145 basilaos,
1148 4084 1212 4153 quia
1232 4088 1242 4109 ⁸
1256 4084 1349 4138 iustus
1367 4090 1397 4138 ut
1414 4085 1457 4138 leo
1475 4087 1558 4140 conli-

335 4185 382 4246 dit,
397 4225 407 4247 ,
422 4183 461 4236 eis
473 4182 551 4234 aliter
561 4180 742 4251 opinantibus,
752 4181 858 4233 occulta
870 4180 959 4233 cordis
971 4181 1013 4234 sui
1030 4182 1074 4235 bis
1092 4183 1182 4236 verbis
1194 4184 1313 4252 pandere
1325 4184 1405 4252 eoepit
1417 4203 1423 4236 ι
1437 4186 1558 4251 Dignum

335 4285 442 4351 quidem
454 4288 498 4345 est,
510 4281 655 4334 Uerissimi
664 4283 854 4348 progenitores,
867 4289 889 4332 et
910 4298 950 4333 me
961 4289 984 4332 et
1001 4299 1090 4333 ornnes
1108 4283 1173 4347 lepis
1190 4283 1242 4334 Dei
1259 4299 1383 4350 sequaces
1399 4286 1559 4351 parentibus

334 4384 393 4435 suis
404 4382 576 4434 obeditionem
588 4388 610 4431 et
623 4381 704 4431 debiti
722 4381 834 4432 lionoris
851 4380 971 4431 exhibere
983 4381 1175 4444 subjectionem.
1188 4382 1248 4441 Sed,
1259 4384 1285 4433 si
1297 4385 1352 4448 ipsi
1367 4384 1438 4448 forte
1451 4385 1559 4450 ulr'qur'd
1575 4394 1607 4448 to

333 4483 477 4533 sirristrom
497 4481 544 4531 cis
563 4479 615 4530 Dei
634 4480 781 4545 aliquando
799 4480 963 4545 persuadere
984 4480 1123 4540 soluerint,
1140 4497 1310 4547 sequaquam
1331 4483 1370 4534 eis
1389 4484 1419 4534 in
1438 4483 1493 4545 boc,
1512 4485 1559 4536 sed

333 4581 416 4632 multo
428 4580 514 4644 inopis
525 4593 586 4629 nero
598 4580 662 4642 regi,
671 4580 749 4643 petri
760 4580 916 4644 spirituum,
931 4580 1116 4630 incunctanter
1127 4587 1164 4630 est
1175 4580 1417 4646 obterrrpsrundum.
1437 4582 1558 4648 Quapro-

330 4686 398 4745 pter,
411 4679 475 4745 ptris
485 4677 598 4729 coasilia
611 4682 697 4728 vestre
710 4677 785 4741 lonpe
796 4693 813 4728 a
826 4677 912 4729 solute
923 4694 980 4728 mea
991 4678 1094 4730 didere
1105 4680 1251 4745 perpendo,
1260 4682 1359 4732 certius
1370 4683 1506 4743 eieceritis,
1517 4699 1558 4734 mc
