3270 5400
205 398 297 450 aran.
315 395 396 449 nno.
415 395 587 449 anuxran.
606 418 652 429 —
671 396 818 451 norrun.
837 399 883 450 an
901 400 980 452 coo.
998 400 1032 453 o.
1047 402 1163 458 rann.
1177 403 1237 458 aas.
1263 385 1332 458 471

150 587 207 647 16.
229 587 377 656 Episcopus
389 590 481 640 autem
492 591 520 640 et
531 587 604 640 cives
613 603 647 640 ex
660 603 727 641 voce
739 603 885 657 puerorum
897 589 1077 658 intelligentes
1089 597 1213 646 sanetum
1224 593 1337 647 Vincen-

108 688 178 741 tium
188 687 261 740 intra
276 684 415 738 civitatem
429 683 544 748 venisse,
557 684 699 738 mandavit
712 686 910 753 presbyterum,
924 702 1007 756 quem
1024 687 1167 742 audierant
1178 688 1290 743 rediisse
1304 691 1338 744 de

108 787 212 840 itinere.
230 783 380 852 inquisitus
398 787 490 836 autem
504 783 678 852 abepiscopo
697 788 724 836 et
736 783 849 849 civibus,
862 789 893 838 ut
901 785 967 853 quid
979 790 1006 839 et
1017 787 1053 839 ad
1061 787 1128 855 quid
1139 788 1277 842 marinum
1287 789 1339 843 iter

108 890 165 940 tam
177 884 435 952 periculosum‚tam
447 881 559 950 longum
568 897 630 935 cum
639 882 733 950 paucis
743 882 908 952 arripuisset,
916 889 943 937 et
954 885 977 938 si
987 885 1021 938 de
1031 901 1145 953 corpore
1155 887 1338 943 sacratissimo

75 991 90 1037 h
107 983 181 1037 beati
200 982 329 1050 martyris
346 980 449 1050 aliquid
470 980 571 1034 sciret?
588 980 658 1034 Nam
676 981 753 1050 pueri
772 981 889 1036 civitatis
910 983 997 1037 multo
1016 987 1140 1053 tempore
1158 1000 1220 1038 eum
1239 985 1339 1040 iterare

106 1083 342 1152 prophetaverant
353 1081 446 1148 etjam
456 1095 520 1134 eum
530 1079 558 1133 in
571 1079 681 1134 civitate
699 1080 806 1134 venisse
815 1096 883 1134 voce
896 1083 969 1136 clara
980 1082 1156 1137 nunciabant
1165 1083 1340 1153 Perpendens
1357 1079 1360 1085 ’

106 1181 248 1251 presbyter
266 1180 332 1234 illud
354 1178 509 1233 Salomonis
527 1178 684 1247 “sapientia
702 1179 809 1233 occulta
830 1183 856 1233 et
875 1180 1021 1235 thesaurus
1041 1181 1146 1236 invisus
1164 1198 1225 1252 quae
1237 1183 1340 1238 utilitas

106 1279 250 1348 utriusque
264 1277 458 1346 „recogitans
474 1276 557 1331 etiam
577 1293 724 1345 puerorum
738 1278 880 1332 oraculum
897 1278 1039 1332 confessus
1051 1283 1099 1344 est,
1112 1284 1139 1333 et
1155 1295 1211 1333 non
1223 1279 1340 1348 negavit

107 1377 257 1433 Confessus
266 1380 346 1431 estse
359 1377 470 1431 beatum
483 1375 607 1431 attulisse
617 1375 799 1430 Vincentium.
812 1376 909 1430 Narrat
919 1377 1004 1430 etiam
1013 1382 1101 1432 lotam
1117 1394 1201 1446 quam
1214 1378 1340 1447 praedixi-

60 1481 90 1533 to
107 1494 171 1532 mas
181 1476 311 1531 desancti
325 1475 484 1530 inventione
494 1474 646 1529 historiam.
658 1475 702 1528 Fit
711 1475 841 1543 gaudium
855 1475 881 1528 in
895 1475 1005 1531 civitate
1017 1479 1046 1530 et
1056 1477 1197 1543 exultatio,
1206 1494 1340 1547 praepara-

107 1579 153 1629 tur
164 1573 289 1628 tumulus
301 1571 426 1640 lapideus
435 1571 503 1625 tanti
513 1573 640 1640 martyris
649 1572 822 1639 susceptione
831 1571 935 1640 dignus.

153 1672 208 1729 17.
232 1672 382 1742 Episcopus
400 1686 462 1724 curn
479 1669 551 1723 clero
564 1673 591 1723 et
609 1670 694 1724 totius
713 1669 832 1723 civitatis
849 1671 949 1740 populo
968 1687 1032 1725 cum
1050 1673 1182 1727 ineffabili
1199 1673 1294 1727 laetitia
1305 1675 1340 1728 ad

109 1773 225 1827 domum
238 1769 389 1839 presbyteri
407 1768 536 1836 procedit,
553 1782 708 1836 corpusque
720 1767 793 1821 beati
810 1768 937 1837 martyris
949 1769 983 1823 de
995 1784 1059 1823 arca
1071 1770 1223 1840 presbyteri
1235 1769 1341 1824 levatur

109 1875 138 1926 et
159 1872 188 1924 in
208 1869 343 1936 majorem
364 1866 508 1921 ecclesiam
529 1881 591 1920 cum
613 1867 763 1921 multorum
782 1867 910 1935 lacrymis
931 1867 1082 1924 deducitur.
1095 1869 1136 1924 lbi
1153 1873 1227 1924 retro
1253 1869 1341 1936 maius

61 1976 92 2025 ta
109 1970 198 2024 altare
209 1968 237 2022 in
247 1967 354 2020 tumulo
366 1966 474 2034 lapideo
487 1964 645 2034 reponitur;
658 1969 685 2018 et
696 1980 731 2019 ne
743 1965 836 2032 aliqua
848 1965 912 2020 inde
924 1966 998 2022 fraus
1007 1967 1050 2022 vel
1063 1968 1166 2023 turtum
1175 1967 1341 2024 successuris

110 2068 282 2136 temporibus
293 2069 386 2135 posset
394 2064 461 2128 fieri,
471 2064 587 2118 vinculis
597 2064 691 2118 terreis
700 2068 728 2117 et
740 2064 833 2132 sigillis
842 2064 1071 2120 circummunitur
1080 2085 1086 2119 :
1096 2083 1157 2134 quae
1169 2066 1342 2120 munimenta

110 2166 200 2221 ferrea
217 2182 251 2220 ne
272 2165 393 2234 aliquam
415 2164 584 2218 intuentibus
601 2169 763 2232 generarent
784 2164 948 2228 molestiam,
966 2169 995 2218 et
1015 2170 1110 2218 sancto
1134 2166 1247 2233 martyri
1270 2166 1342 2219 hanc

110 2265 257 2332 ligaturam
268 2261 424 2330 judicarent
436 2261 583 2330 indignam,
596 2261 743 2314 devotione
753 2266 779 2314 et
792 2262 921 2314 instantia
933 2262 1004 2330 regis
1021 2261 1163 2316 Aldelunsi
1175 2266 1203 2316 et
1212 2262 1274 2316 filia
1282 2263 1342 2331 ejus

111 2360 251 2415 Mathildis
274 2359 373 2426 regina
394 2357 522 2427 praedicta
542 2358 631 2410 ferrea
651 2357 767 2425 ligatura
786 2361 908 2427 argento,
920 2374 988 2411 auro
1005 2363 1033 2411 et
1050 2357 1188 2426 lapidibus
1207 2357 1342 2426 pretiosis

61 2468 94 2518 20
112 2475 197 2528 opere
213 2456 332 2527 anaglifo
345 2462 387 2513 est
398 2460 529 2525 cooperta
545 2461 574 2511 et
590 2456 731 2511 adornata.
744 2456 814 2509 Cum
834 2455 914 2525 igitur
932 2456 1019 2511 sancti
1036 2456 1163 2524 martyris
1175 2455 1296 2525 reliqulae
1308 2455 1342 2510 de

111 2559 196 2613 domo
215 2555 366 2625 presbyteri
386 2556 414 2609 in
433 2555 565 2620 majorem
584 2555 727 2608 ecclesiam
746 2553 907 2607 universalis
929 2554 1014 2608 totius
1034 2554 1152 2608 civitatis
1168 2554 1343 2625 processione

112 2673 176 2713 cam
186 2655 319 2710 ineffabili
331 2654 429 2724 gaudio
449 2653 627 2711 tumulandus
638 2653 798 2717 deterretur,
807 2653 883 2707 corvi
902 2652 1098 2709 nichilominus
1110 2669 1191 2723 super
1203 2670 1267 2710 eum
1280 2671 1343 2724 gau·

112 2757 209 2810 dentes
228 2753 387 2818 volitabant,
406 2756 433 2807 et
445 2768 506 2806 cum
527 2752 553 2805 in
572 2751 687 2809 ecclesia
707 2752 880 2807 induceretur
893 2767 975 2821 super
994 2756 1097 2809 tectum
1118 2752 1240 2807 ecclesiae
1257 2748 1345 2822 usque

113 2856 180 2910 dum
190 2854 219 2908 in
231 2852 338 2909 tumulo
351 2853 523 2907 clauderetur
535 2850 701 2910 resedenurt

63 2959 96 3009 tt
158 2951 213 3008 18.
235 2952 381 3020 Presbyter
399 2954 492 3004 autem
505 2947 670 3003 venerahilis
689 2963 772 3015 quem
793 2948 868 3003 Deus
883 2947 967 3016 hujus
984 2948 1171 3005 translationis
1189 2949 1345 3006 ministrum

114 3053 299 3113 ordinaverat,
320 3049 423 3116 quique
446 3047 598 3114 iniunctum
622 3045 675 3100 sibi
700 3044 857 3114 requirendi
875 3046 1003 3118 martyris
1023 3046 1163 3116 negotium
1184 3047 1301 3116 impigra
1318 3051 1346 3102 st

114 3152 273 3206 constanter
293 3149 437 3202 exsecutus
453 3145 548 3209 iuerat,
561 3159 577 3196 a
589 3142 694 3197 civibus
710 3143 854 3210 magnifice
871 3144 1035 3212 diligebatur
1046 3148 1075 3197 et
1093 3145 1298 3210 honorabatur;
1309 3146 1346 3200 ab

114 3249 243 3320 episcopo
254 3261 319 3301 vero
332 3248 360 3301 et
371 3245 444 3299 clero
456 3244 485 3298 in
497 3242 595 3296 eadam
607 3241 730 3305 ecclesia,
741 3241 788 3296 ubi
800 3245 925 3297 sanctum
946 3246 1095 3311 martyrem
1105 3248 1293 3312 reposuerant,
1304 3247 1346 3298 est

114 3350 259 3416 promotus
271 3343 419 3397 canonicus
431 3347 459 3394 et
470 3345 563 3395 custos
582 3340 651 3393 sacri
665 3339 786 3408 corporis
802 3341 975 3395 constitutus.
986 3340 1089 3395 Civitas
1102 3345 1194 3397 autern
1212 3341 1346 3397 Lixibona

65 3451 96 3503 3⁰
115 3461 179 3499 cum
189 3447 247 3498 tota
259 3439 399 3513 provincia
412 3444 489 3493 tanto
499 3438 628 3492 thesauro
638 3439 733 3491 dotata
744 3438 843 3506 gaudet
856 3442 883 3490 et
897 3437 1008 3503 exultat,
1020 3438 1135 3492 laudans
1147 3455 1238 3506 regern
1251 3455 1345 3508 regum

115 3548 145 3599 et
153 3543 295 3599 dominum
309 3539 519 3602 dominantium,
531 3538 577 3605 qui
590 3535 674 3592 talem
685 3538 725 3592 eis
737 3536 880 3591 constituit
897 3552 947 3590 sna
959 3536 1076 3603 gratuita
1093 3538 1180 3605 gratia
1191 3543 1345 3606 patronum,

116 3646 240 3712 orantem
252 3656 301 3708 pro
314 3640 353 3693 eis
363 3639 451 3708 ipsum
462 3638 551 3690 Deum
564 3642 591 3689 et
600 3636 749 3689 Dominum
763 3640 921 3704 regnantem
935 3635 964 3690 in
974 3635 1066 3689 secula
1076 3635 1238 3692 seculorum.
1248 3637 1357 3691 Amen·

160 3737 215 3794 19.
237 3737 319 3790 Facta
331 3738 476 3789 astantem
489 3734 548 3787 haec
560 3733 633 3786 beati
646 3731 782 3785 vincentii
793 3732 921 3801 martyris
933 3730 1076 3785 translatio
1093 3748 1110 3785 a
1122 3732 1232 3786 civitate
1248 3732 1345 3786 Valen-

116 3838 154 3890 tia
165 3837 194 3890 in
206 3835 349 3895 Lixibona,
358 3831 501 3886 transactis
510 3831 661 3897 apassione
669 3829 727 3894 ejus
738 3829 898 3897 octingentis
907 3833 935 3883 et
943 3845 976 3883 eo
989 3830 1106 3897 amplius
1115 3830 1202 3893 annis,
1213 3830 1346 3884 Romanae

67 3943 98 3994 35
116 3935 237 3989 ecclesiae
251 3933 413 4001 praesidente
429 3929 585 3987 Alexandro
603 3943 674 3996 papa
692 3929 781 3992 tertio,
795 3928 823 3981 in
836 3927 882 3981 illa
893 3928 1035 3996 provincia
1050 3933 1181 3997 regnanto
1193 3945 1256 3998 rege
1267 3928 1346 3983 Alde

116 4036 207 4096 lanso,
219 4033 408 4086 Romanorum
432 4044 497 4082 vero
515 4028 662 4096 imperium
680 4031 843 4094 procurante
863 4026 1006 4081 Frederico
1026 4027 1130 4092 illustri,
1140 4028 1212 4095 apud
1229 4027 1347 4082 Francos

117 4143 210 4187 autem
229 4130 398 4199 principante
417 4126 539 4196 piissimo
560 4142 623 4193 rege
639 4125 780 4179 Ludovico
799 4129 905 4189 octavo,
917 4124 991 4192 ipsos
1009 4131 1036 4179 et
1055 4142 1106 4179 nos
1117 4141 1226 4192 semper
1238 4129 1348 4193 regente

118 4230 237 4285 Domino
250 4232 344 4283 nostro
356 4227 420 4280 lesu
432 4225 548 4281 Christo.
561 4225 658 4278 Arnen.

297 4427 452 4500 nxpuclt
473 4425 630 4485 inventIo
652 4425 767 4484 sanati
788 4422 962 4484 vincentii
983 4424 1170 4495 martyris.

561 4661 903 4671 .-....—-————
