3270 5400
227 319 297 390 144
558 339 684 389 curru.
711 339 814 390 cono.
841 338 1117 391 usercensrmc.

222 529 330 582 animas
346 528 537 596 depraedatur.)
551 532 675 582 Attamen
696 538 786 595 rogate
806 528 889 581 Deum
910 536 948 593 nt,
964 532 991 581 si
1007 531 1061 581 sibi
1076 531 1183 597 placeat
1193 538 1218 581 et
1235 531 1306 580 milri
1322 532 1456 596 expediat,

118 634 125 651 ·
222 630 337 681 aunum
354 630 461 681 oculum
472 629 542 680 milii
551 637 643 681 servet.
660 627 848 696 Operiectum
861 627 950 680 virum
963 627 1010 696 qui
1021 643 1072 696 pro
1085 627 1237 696 perditione
1249 627 1332 681 unius
1343 627 1457 681 luminis

58 2795 72 2826 *
83 2798 139 2849 caci.

26 2860 172 2915 relationis.

222 728 321 780 derote
338 728 441 796 gratias
457 727 511 796 egit
528 732 611 796 atque
631 727 766 795 reliquum
785 729 863 795 juxta
883 727 1084 795 beneplacitum
1106 728 1228 782 divinum
1249 728 1380 781 amittere
1400 743 1455 782 non

222 827 344 894 expavit!
354 827 424 879 itata
436 832 477 880 est
489 827 572 881 etiam
584 844 602 880 a
619 827 737 881 Domino
755 831 877 894 potestas
888 827 985 895 angelo
996 827 1104 880 Satanae
1123 831 1153 879 ut
1166 826 1218 879 viri
1229 827 1318 880 sancti
1329 831 1457 881 constan·

224 925 289 978 tiam
302 925 359 978 suis
379 926 504 979 versutiis
520 932 667 979 exerceret.
687 925 840 979 Occurrens
860 942 925 994 ergo
942 924 995 978 sibi
1008 924 1035 978 in
1052 926 1171 978 claustro
1188 925 1322 979 &neniae
1341 926 1455 995 quidam
1472 934 1488 981 5

222 1023 417 1087 demoniacus,
429 1024 537 1091 alapam
550 1040 599 1093 per
609 1024 750 1078 maxillam
762 1025 836 1077 dedit
853 1024 886 1076 ei.
898 1024 959 1092 lpse
971 1041 1036 1077 rero
1048 1024 1180 1093 patientia
1192 1024 1331 1092 praeditus,
1339 1025 1456 1078 alteram

220 1124 299 1188 Juxta
310 1123 499 1192 evangelicum
512 1124 615 1177 dictum
627 1123 743 1192 praebuit
751 1139 817 1177 mox
830 1123 979 1177 irraxillam.
991 1123 1069 1176 Unde
1081 1124 1212 1177 contusus
1220 1123 1312 1181 miser,
1324 1124 1458 1178 continuo

222 1222 352 1275 discessit
366 1222 426 1275 alia
437 1223 495 1275 rice
509 1239 556 1287 per
566 1223 714 1290 quemdam
734 1223 877 1275 obsessum
890 1222 977 1275 bostis
987 1223 1089 1275 multas
1102 1221 1236 1290 replicans
1248 1224 1340 1275 minas
1352 1228 1456 1291 etque

223 1320 300 1378 relas,
310 1337 343 1374 eo
355 1320 430 1389 quod
440 1321 634 1389 praedicatione
643 1337 693 1374 sua
701 1320 833 1389 plurimas
846 1322 953 1374 animas
961 1321 1122 1389 acquireret,
1135 1321 1174 1373 ait
1183 1321 1217 1373 ad
1228 1320 1306 1374 illum
1315 1341 1322 1373 :
1332 1323 1402 1375 Eece
1411 1339 1457 1389 epa

220 1423 322 1485 faciam
343 1428 428 1473 tecum
442 1429 553 1489 partina
565 1423 637 1488 qnod
653 1438 801 1488 numquam
817 1421 889 1485 filios
906 1428 967 1475 tuos
987 1422 1147 1488 spirituales
1163 1422 1267 1474 tentabo
1285 1423 1326 1473 rel
1343 1438 1456 1488 corpore
1474 1428 1501 1474 to

222 1521 328 1583 renoba,
348 1523 374 1572 si
394 1522 463 1572 mitri
471 1523 617 1588 promittas
634 1522 707 1588 quod
724 1536 872 1585 narriqnam
891 1521 923 1571 de
939 1528 1025 1572 cetero
1040 1521 1209 1586 pradicabis.
1223 1518 1272 1573 Cui
1291 1519 1457 1574 virsanctus

221 1618 291 1671 dixit
304 1638 309 1670 :
322 1620 399 1671 Absit
416 1638 433 1670 a
452 1637 492 1671 me
504 1621 575 1686 quod
585 1620 675 1682 soedns
694 1621 782 1670 ineam
799 1635 858 1670 crim
872 1627 956 1671 risorie
973 1627 996 1670 et
1010 1627 1119 1686 pactum
1135 1620 1238 1683 faciam
1256 1636 1317 1671 cnm
1331 1621 1457 1685 inferno!

223 1717 346 1785 lntellige
363 1717 481 1784 qualiter
493 1717 643 1785 nequitiam
658 1718 740 1784 hujus
758 1717 869 1785 maligni
887 1717 999 1784 spiritus
1016 1733 1064 1785 per
1080 1717 1252 1785 sapientiam,
1264 1716 1380 1771 alterius
1392 1734 1456 1771 sero

222 1816 418 1869 contumeliam
433 1817 446 1846 *
459 1832 507 1883 per
516 1816 677 1883 patientiam
689 1815 835 1882 superarit.

268 2019 320 2075 De
341 2016 604 2077 tentationibus
628 2021 776 2078 Satanae
797 2029 890 2087 quas
911 2018 981 2074 sub
1002 2017 1121 2089 specte
1142 2016 1224 2075 bont
1245 2016 1413 2087 ingesslt.
1473 2019 1501 2065 ⁴⁵

266 2205 322 2261 17.
344 2204 411 2256 Cum
422 2209 513 2257 autem
524 2205 623 2272 apertis
632 2220 695 2257 eum
703 2220 759 2257 non
767 2208 859 2271 posset
867 2202 1119 2272 impugnationibus
1129 2202 1253 2270 dejicere,
1263 2220 1408 2273 aggressus
1416 2210 1456 2259 est

222 2322 285 2358 eum
304 2304 354 2357 suli
367 2300 457 2370 specie
470 2299 577 2351 virtutis
588 2300 719 2368 decipere,
732 2317 761 2352 se
777 2300 803 2352 in
823 2300 949 2367 angelum
962 2299 1030 2353 lucis
1048 2299 1146 2352 callide
1164 2300 1369 2368 transfigurans.
1387 2301 1455 2355 Cum

222 2403 293 2456 enim
309 2407 385 2469 pater
395 2402 505 2452 sanctus
518 2399 636 2452 Parisius
645 2405 796 2467 aegrotaret,
806 2400 1005 2453 renitSatanas
1015 2399 1041 2452 in
1052 2400 1142 2453 forma
1152 2400 1316 2453 venerandae
1325 2417 1457 2468 personae,

222 2502 346 2569 flagitans
358 2501 394 2553 ad
405 2498 565 2565 magistrum
576 2497 685 2551 Ordinis
696 2496 848 2551 intromitti.
861 2498 910 2552 Cui
920 2515 984 2551 cum
994 2498 1101 2551 locutus
1111 2497 1214 2559 luisset,
1224 2499 1321 2567 petivit
1329 2502 1457 2556 secedere

221 2600 319 2652 tratres
331 2603 427 2667 utpote
445 2596 549 2664 aliquid
563 2612 624 2648 rum
638 2596 770 2663 magistro
788 2597 918 2650 secretius
935 2596 1084 2650 locuturus.
1102 2595 1179 2649 Tunc
1196 2596 1265 2650 dixit
1284 2602 1407 2653 tentator
1422 2601 1457 2654 ad
1472 2608 1502 2657 tt

223 2713 303 2750 euin:
320 2698 360 2748 'l'n
372 2703 453 2763 rapat
465 2712 492 2746 es
506 2697 621 2747 Ordinis
632 2698 799 2747 invictissimi
807 2704 831 2748 et
843 2698 870 2748 in
880 2703 904 2748 tc
912 2699 1063 2762 respiciunt
1075 2696 1147 2749 oculi
1157 2699 1287 2750 universi.
1299 2699 1378 2764 Quod
1385 2704 1412 2751 si
1419 2701 1458 2753 aei

221 2813 337 2863 parcum
358 2797 397 2847 ccl
412 2796 518 2861 graisde
529 2796 710 2846 relaxationis
721 2795 735 2823 ⁸
747 2796 897 2860 exenrplum
908 2813 925 2846 a
937 2803 961 2846 te
970 2797 1074 2860 exierit,
1082 2812 1191 2863 pennam
1203 2797 1357 2859 nuernberis,
1365 2800 1456 2852 turba·

221 2897 304 2947 tionis
314 2896 457 2946 materiam
466 2894 663 2959 derelinquens.
675 2893 714 2944 Es
726 2894 832 2959 qiridcm
846 2894 989 2958 infirmam·
999 2901 1072 2960 potes
1083 2901 1173 2946 tanuen
1185 2912 1201 2946 a
1211 2897 1322 2948 cultara
1333 2904 1358 2949 et
1366 2900 1456 2951 canii·

222 2995 271 3047 bns
278 2994 419 3045 abstinere.
428 2993 501 3058 Rogo
508 2994 595 3056 igitar
603 3000 625 3042 et
635 2993 744 3044 corisnla
753 2993 906 3059 quietissima
915 2993 1044 3045 hactenns
1053 2995 1081 3044 ia
1090 2995 1156 3045 aliis
1166 2995 1308 3059 religionis
1315 2998 1457 3063 exemplar

222 3094 342 3155 extitisti,
354 3093 394 3143 sic
405 3093 446 3143 sis
463 3093 543 3142 etiam
556 3108 627 3143 nnnc
640 3092 668 3141 in
682 3092 750 3155 istis,
762 3107 801 3153 nc,
813 3093 840 3142 si
856 3093 885 3142 in
895 3092 1023 3155 fntrrrnm
1035 3093 1124 3156 scapis
1138 3093 1176 3144 rel
1187 3108 1259 3159 equae
1269 3095 1381 3158 infirmo
1392 3094 1458 3148 talis
1471 3100 1502 3151 z

222 3194 389 3259 dispensatio
401 3192 551 3255 denegetur,
563 3190 683 3241 turbatio
700 3192 771 3241 inter
786 3191 891 3255 fratres
908 3198 931 3242 rt
949 3192 1109 3242 scandatum
1129 3193 1247 3245 oriatur.
1266 3191 1309 3245 Sic
1330 3192 1459 3247 colorans

224 3288 307 3341 rerba
319 3287 394 3340 mille
407 3286 504 3339 artilex
517 3286 594 3342 abiit.
604 3291 744 3353 tamquam
755 3286 875 3354 psalmos
884 3285 992 3354 aliquos
999 3287 1206 3340 murmurando.
1215 3288 1365 3357 Aequierit
1373 3288 1459 3343 homo

223 3385 392 3455 persuasioni
405 3385 530 3453 simplici,
542 3385 611 3437 adeo
623 3384 764 3437 abstinens
777 3388 806 3437 ut
817 3384 862 3436 rix
875 3385 909 3437 ad
922 3384 1114 3438 sustinendum
1133 3384 1206 3439 uires
1229 3386 1257 3439 in
1277 3403 1311 3440 eo
1336 3388 1459 3456 corporis

223 3490 404 3539 remanerent.
417 3483 596 3537 llerclationc
619 3484 727 3536 tandem
749 3482 843 3536 divina
860 3482 954 3536 didicit
965 3484 1096 3537 Salonam
1114 3485 1189 3538 hune
1208 3486 1293 3538 luisse
1310 3488 1360 3555 qui
1377 3487 1458 3542 saluti

221 3583 366 3636 hominum
378 3583 492 3650 ejusque
505 3580 745 3649 predicationibus
758 3580 905 3634 inridebat.
918 3580 1086 3633 absconaita
1096 3585 1138 3634 est
1149 3585 1241 3635 autem
1252 3582 1288 3635 ab
1298 3583 1457 3638 bocsaneto
1472 3594 1496 3645 tt

223 3683 280 3735 riro
293 3686 403 3735 versuta
414 3680 502 3733 hostis
513 3679 618 3747 antiqui
634 3678 779 3747 suggesti0,
792 3683 821 3732 ut
840 3679 977 3732 diseamus
989 3680 1063 3747 quod
1075 3679 1152 3733 omni
1164 3680 1280 3734 consilio
1293 3684 1457 3750 praeminere

221 3781 303 3834 debet
314 3780 413 3834 rectrix
427 3779 558 3832 virtutum
570 3778 695 3831 omnium
708 3784 736 3831 et
747 3782 843 3842 mater,
855 3777 990 3831 discretio.
1004 3807 1034 3814 —
1052 3778 1114 3832 Alio
1132 3795 1243 3849 quoque
1255 3784 1382 3849 tempore
1394 3798 1456 3836 cum

221 3883 293 3951 apud
305 3880 470 3942 Bisuntium,
482 3884 630 3946 antequam
650 3877 748 3930 iratres
765 3877 802 3930 ibi
824 3877 938 3930 domum
955 3877 1098 3941 haberent,
1115 3877 1157 3930 uir
1174 3883 1286 3932 sanctus
1303 3887 1458 3950 egrotaret,

221 3980 393 4033 occasionem
407 3979 496 4047 ipsum
509 3978 633 4032 tentandi
651 3994 685 4031 ex
702 3979 862 4032 infirmitate
882 3979 998 4046 sumpsit
1015 3979 1190 4033 adversarius
1207 3979 1371 4049 versipellis.
1388 3982 1457 4037 Nam

220 4095 283 4132 cum
296 4079 339 4131 die
349 4077 468 4146 quadam
482 4080 559 4145 pater
570 4082 681 4129 sanctus
694 4077 872 4130 vehementer
881 4075 1003 4129 febribus
1013 4081 1140 4129 estuaret
1152 4076 1252 4145 sitique
1262 4078 1459 4135 ardentissima
1474 4090 1502 4141 tt

220 4177 366 4239 laboraret,
378 4176 453 4229 venit
462 4174 572 4241 juvenis
590 4191 718 4244 mappam
731 4176 765 4228 ad
783 4175 884 4229 collum
898 4174 1004 4228 habens
1021 4175 1121 4239 albam,
1142 4191 1198 4229 una
1215 4192 1301 4231 manu
1320 4177 1458 4248 lagenam,

131 4311 137 4325 .
220 4274 305 4328 altera
318 4275 467 4343 scyphum*
479 4280 638 4343 argenteum
651 4291 756 4342 gerens,
768 4274 891 4343 dixitque
901 4274 942 4328 ei:
955 4276 1030 4339 Ecce,
1038 4277 1175 4342 magister,
1179 4280 1296 4343 porrigo
1306 4280 1380 4332 robis
1388 4284 1460 4350 opti-

151 4378 157 4389 '
219 4391 292 4426 mam
302 4376 444 4441 patrimae
456 4375 813 4441 quobibatissecare,·ninii
825 4375 896 4426 robis
906 4375 1014 4427 siccabit.
1023 4372 1083 4426 Non
1097 4372 1225 4441 ignorans
1237 4379 1331 4429 autem
1345 4384 1460 4433 sanctus

220 4469 334 4522 cistartias
347 4470 413 4535 ejus.
424 4470 627 4523 commendarit
635 4487 663 4522 se
673 4471 799 4535 Domino,
809 4471 919 4540 signans
929 4488 958 4523 se
967 4470 1044 4538 signo
1054 4470 1149 4533 crucis,
1158 4471 1309 4542 statimque
1319 4475 1461 4546 malignus

220 4565 359 4634 disparuit.
373 4566 523 4635 Episcopus
543 4572 636 4620 autem
656 4567 791 4621 illiusloci
804 4567 897 4631 etalii,
910 4569 969 4622 visa
982 4567 1031 4621 riri
1050 4567 1099 4621 Dei
1117 4569 1272 4635 sanctitate,
1285 4579 1460 4631 conuentum
1478 4583 1502 4639 tt

220 4665 254 4717 ab
268 4665 326 4732 ipso
338 4664 475 4733 petierunt
487 4670 515 4718 et
527 4665 649 4720 exaudiri
659 4672 825 4721 meruerunt.
