3270 5400
202 327 295 379 aran.
313 327 394 380 aaa.
413 327 584 379 sarxena.
605 347 651 358 -
669 328 817 380 nerano.
836 329 882 380 an
900 329 981 383 coo.
995 330 1028 382 n.
1043 329 1158 384 amni.
1174 330 1233 384 ars.
1259 311 1332 384 467

104 514 222 569 civitatis
234 515 314 569 taedio
327 520 355 569 et
365 516 464 570 timore
482 515 568 571 nimio
580 518 670 571 allecti
683 517 858 572 dalmaticam
875 518 1000 588 ejusdem
1017 521 1151 588 martyris,
1163 536 1247 588 quam
1260 521 1334 589 apud

104 630 133 667 se
151 613 299 679 habebant,
311 620 519 683 assumpserunt
537 620 564 669 et
578 632 662 684 super
678 632 790 670 murum
801 617 878 671 urbis
894 617 1013 672 obsessa
1029 619 1208 673 ascendentes
1225 619 1335 688 regibus

105 713 290 767 ostenderunt.
300 713 388 783 Reges
401 730 465 768 vero
475 715 522 768 ubi
530 716 651 769 tunicam
661 715 813 769 beatissimi
822 717 951 785 martyris
960 717 1095 782 viderunt,
1104 718 1184 787 proni
1196 718 1224 772 in
1233 723 1333 773 terram

104 812 289 867 adoraverunt
308 818 336 867 et
355 829 417 868 earn
438 818 609 868 assumentes
632 813 803 868 obsidionem
824 817 942 881 solvunt,
962 817 1038 870 etin
1059 816 1201 871 Franciam
1222 817 1336 872 feliciter

72 914 87 962 t
104 913 207 966 reversi
217 918 288 966 sunt.
298 912 350 980 Qui
363 918 543 967 extramuros
552 894 627 968 urbis
639 913 782 969 Parisiaca
794 915 937 970 eeclesiam
950 916 1017 971 satis
1027 916 1172 971 honestam
1188 918 1217 971 in
1229 917 1336 975 honore

104 1011 256 1066 beatissimi
265 1011 393 1081 martyris
403 1012 541 1067 Vincentii
553 1018 750 1079 construentes,
766 1014 868 1068 ibidem
881 1015 1002 1069 tunicam
1014 1016 1136 1085 predicti
1147 1017 1274 1086 martyris
1285 1033 1335 1086 pro

105 1128 204 1180 magna
213 1112 277 1165 dote
287 1117 314 1165 et
323 1112 429 1180 magnis
437 1112 559 1181 reliquiis
577 1113 772 1183 deposuerunt.
785 1113 890 1168 ibidem
900 1115 1029 1182 praefatus
1045 1130 1093 1169 rex
1106 1116 1297 1171 Childebertns
1308 1121 1337 1171 et

105 1209 254 1279 Ultrogoda
265 1211 359 1279 regina
374 1212 433 1280 ejus
445 1212 573 1267 tumulati
586 1213 737 1282 quiescunt.
746 1212 815 1266 Nam
833 1213 989 1268 clotharius
1000 1213 1154 1268 Suessionis
1172 1214 1200 1269 in
1215 1214 1336 1282 ecclesia,

104 1324 189 1376 quarn
201 1309 227 1362 S.
244 1308 372 1364 Medardo
384 1311 568 1366 aedificarerat
578 1313 686 1379 patrino
698 1328 757 1377 suo,
770 1312 896 1380 quiescit.
909 1313 1030 1368 Ecclesia
1048 1318 1141 1368 autern
1160 1314 1289 1383 praedicta
1301 1315 1337 1368 ab

56 1406 86 1458 40
105 1423 139 1460 eo
151 1406 288 1462 Germano
306 1408 435 1478 episcopo
452 1409 577 1464 dedicata
589 1414 639 1475 est,
655 1411 684 1464 in
702 1426 757 1479 qua
773 1410 847 1463 idem
865 1410 1005 1465 confessor
1022 1416 1133 1466 sanctus
1150 1427 1237 1481 usque
1254 1413 1338 1467 hodie

105 1521 220 1574 corpore
231 1507 354 1574 quiescit,
372 1507 400 1562 in
412 1524 467 1576 qua
479 1509 566 1563 multa
577 1509 709 1565 miracula
726 1509 832 1564 meritis
844 1513 1001 1565 sanctorum
1014 1510 1151 1565 Vincentii
1168 1517 1196 1565 et
1208 1511 1337 1566 Germani

105 1601 230 1656 Christus
241 1603 313 1658 iacit.

146 1700 180 1758 3.
205 1701 337 1756 Praedieia
345 1703 442 1757 civitas
458 1705 604 1774 Hyspaniae
620 1703 791 1758 nobilissima
808 1703 934 1758 Valentia
953 1704 1123 1773 temporibus
1135 1705 1337 1774 Wisogotarum

106 1798 297 1854 et‘Suenorum
310 1816 404 1868 regum
417 1800 498 1869 longo
507 1805 654 1870 temporea
663 1801 819 1855 christianis
828 1805 869 1855 est
878 1817 1011 1870 possessa.
1020 1801 1074 1855 Sed
1083 1803 1201 1870 peccatis
1210 1803 1338 1871 exigenti-

59 1904 89 1952 tt
106 1895 158 1950 bus
169 1896 389 1962 christianornm,
401 1897 564 1952 Sarracheni
582 1898 628 1968 qui
647 1898 674 1952 in
687 1898 779 1952 Africa
797 1898 925 1952 habitant
944 1914 1021 1953 mare
1042 1903 1222 1965 transeuntes,
1242 1899 1338 1968 Hispa·

105 1995 179 2048 niam
201 1996 373 2051 subditioni
393 1997 567 2066 subegerunt.
593 1998 702 2050 Partem
727 2014 794 2051 vero
816 1997 961 2067 Hyspaniae
981 1997 1178 2052 occidentalem
1199 1997 1339 2052 christiani

105 2109 192 2161 usque
203 2095 286 2148 hodie
298 2096 444 2162 possident,
457 2112 513 2149 non
525 2112 575 2150 suo
589 2096 688 2149 merito
701 2097 749 2149 sed
762 2096 835 2150 beati
847 2096 942 2149 iacobi
955 2097 1080 2165 apostoli,
1092 2097 1139 2166 qui
1151 2112 1213 2151 eam
1225 2097 1268 2152 sui
1281 2113 1340 2151 cor·

106 2193 351 2259 poris‘illustravit,
368 2199 399 2248 ut
417 2195 561 2259 credimus,
579 2195 742 2263 patrocinio.
758 2195 885 2250 Valentia
902 2199 996 2249 autem
1014 2211 1077 2250 cum
1097 2195 1218 2262 basilica,
1236 2197 1265 2250 in
1285 2211 1341 2265 qua

105 2296 216 2345 sanctus
222 2292 380 2347 Vincentius
389 2294 501 2363 quievit,
510 2294 538 2347 in
545 2298 621 2347 sorte
628 2294 842 2348 Sarracenorum
853 2294 934 2348 venit.
942 2294 986 2347 Sic
994 2294 1071 2349 nulla
1080 2295 1233 2349 reverentia
1240 2294 1341 2349 Christi

59 2394 89 2444 to
106 2390 220 2459 martyri
232 2391 421 2456 exhibebatur,
430 2393 496 2460 quia
507 2393 598 2447 nullus
610 2394 649 2449 ibi
658 2393 824 2447 christianus
835 2393 1034 2448 inveniebatur.

145 2489 180 2544 4.
205 2489 328 2544 Tandem
349 2494 411 2557 post
429 2490 517 2543 multa
539 2495 695 2559 temporum
720 2489 869 2544 intersticia
891 2491 1063 2558 temporibus
1088 2491 1238 2545 Alexandri
1263 2506 1340 2560 papie

106 2588 187 2652 tertii,
205 2587 276 2641 circa
296 2602 399 2641 annum
423 2586 621 2640 incarnationis
642 2586 786 2641 dominica
813 2586 960 2641 millesimo
985 2588 1135 2642 centesimo
1160 2587 1341 2657 sexagesimo,

104 2691 237 2757 regnante
246 2687 274 2741 in
286 2685 447 2741 occidentali
464 2686 604 2755 Hyspania
618 2686 768 2741 Aldet'onso
781 2704 843 2756 rege
856 2687 1054 2755 portugalensi,
1064 2686 1106 2741 cui
1116 2703 1219 2742 nornen
1236 2687 1340 2756 regium

105 2786 250 2855 predictus
279 2802 350 2855 papa
375 2784 518 2850 concessit,
536 2801 600 2838 nam
628 2790 710 2840 antea
737 2786 830 2861 lingua
862 2786 966 2855 vulgari
990 2785 1114 2840 Valles
1140 2784 1342 2855 portugalensis

59 2886 90 2938 tt
107 2885 264 2949 vocabatur,
275 2885 348 2939 Deus
358 2883 533 2952 omnipotens
542 2884 703 2938 thesaurum
714 2901 795 2939 suum
809 2885 1003 2940 manifestarit.

147 2982 181 3041 ὅ.
203 2982 251 3037 Est
262 2982 358 3037 civitas
375 2982 503 3049 quaedam
521 2982 550 3036 in
567 2981 708 3036 Lusitania
725 2982 837 3037 nomine
853 2983 1015 3052 Olyzepona,
1036 2999 1120 3053 quarn
1138 2982 1232 3037 rustici
1250 2982 1343 3051 lingua

107 3082 211 3152 vulgari
223 3080 386 3134 Lixibonam
399 3083 505 3133 vocant
516 3079 593 3132 Hanc
602 3079 743 3133 civitatem
753 3096 815 3135 cum
828 3080 970 3134 Sarraceni
979 3081 1061 3150 longo
1074 3085 1197 3149 ternpore
1207 3080 1343 3149 possedis-

106 3186 175 3248 sent,
187 3197 260 3235 anno
272 3179 383 3233 Domini
394 3187 456 3232 m¹²⁰
469 3179 619 3232 centesimo
636 3179 863 3249 quinquagesimo
876 3179 903 3232 in
915 3179 1127 3234 christianorum
1145 3179 1249 3234 ditione
1267 3178 1343 3232 resti·

105 3284 165 3336 tuta
178 3284 220 3334 est
231 3279 285 3333 hoc
294 3277 377 3332 modo
390 3278 435 3343 (1).
448 3278 528 3330 Anno
537 3276 648 3330 Domini
657 3277 803 3332 millesimo
814 3277 962 3332 centesimo
973 3279 1182 3347 quadragesimo
1192 3281 1270 3331 sexto
1280 3292 1342 3331 cum

60 3380 89 3431 ao
106 3378 250 3435 Conradns
261 3377 411 3445 imperator
428 3375 618 3429 Romanomm
636 3380 664 3429 et
676 3376 831 3430 [rudovicus
846 3375 940 3446 junior
957 3392 1005 3429 rex
1023 3376 1190 3431 Francorum
1209 3375 1344 3430 exercitus

106 3494 172 3533 suos
184 3492 234 3546 per
251 3475 427 3543 Hungariam‚
442 3473 581 3527 Trasciam
598 3478 626 3527 et
644 3472 769 3528 Greciam
788 3478 884 3528 contra
904 3473 1025 3542 Sanguin
1037 3474 1188 3542 principem
1207 3473 1344 3538 Damasci,

106 3581 214 3646 patrem
227 3573 356 3629 Noradini
369 3573 417 3642 qui
427 3570 566 3627 civitatem
579 3572 710 3627 Edessam
726 3573 930 3642 Mesopotamia
948 3572 1068 3626 inclitam
1091 3577 1175 3627 noctu
1193 3571 1344 3626 nativitatis

106 3674 252 3730 dominica
272 3676 382 3742 ceperat
397 3675 425 3726 et
444 3688 541 3726 omnes
559 3671 724 3726 christianos
741 3672 915 3726 interfecerat
931 3672 1131 3741 perduxissent,
1148 3671 1254 3736 Morini,
1272 3686 1344 3738 quos

106 3774 266 3841 Flamingos
279 3787 420 3836 vocamus,
429 3785 514 3823 nares
522 3775 705 3839 praeparantes
719 3786 861 3840 congruas,
872 3770 965 3824 omnia
977 3769 1005 3823 in
1019 3771 1058 3823 eis
1068 3774 1143 3823 trans
1153 3785 1229 3823 mare
1240 3768 1344 3838 profec-

62 3875 90 3926 tt
107 3871 163 3927 turi
175 3873 328 3940 posuerunt
339 3867 499 3923 necessaria
510 3868 634 3936 Cumque
650 3870 743 3923 omnia
760 3873 836 3923 tanto
855 3867 944 3923 itineri
957 3872 1021 3937 apta
1032 3873 1238 3937 praeparassent,
1249 3883 1344 3922 mense

107 3970 209 4026 martio
220 3969 302 4023 litora
318 3968 451 4022 Flandriae
468 3967 710 4049 linquentesmari
723 3968 880 4022 Britannico
892 3984 921 4021 se
934 3967 1140 4022 commiserunt.
1150 3967 1203 4034 Qui
1214 3982 1345 4037 prospero

108 4084 191 4124 cursu
202 4068 371 4136 navigantes,
384 4066 419 4121 ad
430 4066 583 4135 Hyspanias
595 4067 709 4120 veniunt
722 4071 749 4120 et
761 4083 808 4134 per
817 4082 893 4119 mare
905 4065 1076 4120 Adriaticum
1089 4070 1185 4120 euntes
1197 4065 1225 4119 in
1237 4065 1345 4119 Lusita·

109 4167 163 4231 nia,
182 4167 210 4220 in
222 4166 337 4221 circuitu
350 4163 468 4218 civitatis
479 4163 633 4233 Olyziponae
646 4164 781 4218 anchoras
794 4164 899 4218 sistunt.
917 4163 1020 4218 Civitas
1032 4168 1125 4218 autern
1137 4163 1267 4233 praedicta
1284 4163 1344 4217 Sar·

110 4265 216 4320 racenis
233 4269 291 4318 erat
302 4264 390 4332 plena
403 4262 551 4316 Christiani
563 4266 657 4317 autem
676 4263 723 4333 qni
741 4263 768 4316 in
786 4262 902 4318 navibus
920 4262 1114 4327 consistebant,
1132 4279 1195 4317 cum
1213 4263 1298 4317 armis
1309 4263 1344 4316 ad

64 4365 94 4420 ld
111 4365 252 4419 civitatem
265 4362 475 4431 expugnandam
487 4360 654 4416 sufficienter
666 4360 852 4424 abundabant,
864 4365 976 4429 accepto
990 4360 1060 4414 inter
1072 4376 1102 4414 se
1113 4359 1216 4415 salubri
1229 4358 1344 4413 consilio

145 4596 182 4661 (1)
193 4592 385 4647 Narratiouem
396 4592 429 4645 de
441 4592 641 4659 expugnatione
659 4591 805 4660 Olisiponis
825 4591 947 4658 requiras
968 4591 997 4643 in
1016 4590 1182 4657 Portunalis
1193 4605 1262 4643 mon.
1274 4590 1345 4654 hiet,

112 4692 162 4730 scr.
173 4681 242 4729 tom.
253 4672 275 4738 1,
283 4689 309 4742 p.
318 4673 368 4727 399
376 4688 435 4742 sqq.
