3270 5400
455 325 547 376 aran.
565 323 648 378 arc.
667 322 840 375 anonam.
861 344 907 354 -
926 323 1006 376 oon.
1024 315 1064 374 ΝΟ
1081 321 1222 377 rerer-ro.
1383 301 1453 376 4οΙ

224 516 348 567 mentum
356 511 484 581 aspiritu,
493 517 524 566 ut
533 512 623 577 credo,
633 511 754 581 maligno
761 512 807 566 diu
818 511 969 566 volutando
980 516 1115 580 raptatur.
1121 512 1215 583 Neque
1222 512 1296 566 enIm
1304 513 1402 576 fuerat
1407 512 1457 568 etsi

223 615 299 665 veste
310 618 429 680 recepta,
442 611 554 667 indutus
565 611 731 666 vestimento
748 610 853 677 salutis,
865 627 955 681 neque
973 610 1135 665 indumento
1153 611 1255 666 laetitia
1273 612 1458 667 circumdatus

222 725 273 764 nec
286 709 387 778 tantta]
400 727 503 779 sponsa
518 714 658 765 meruerat
678 711 802 766 decorari
823 727 950 766 corona...
970 711 1087 765 Invento
1110 713 1285 779 postmodum
1305 711 1459 766 occasionis

223 810 284 865 loco
297 811 444 865 revertitur
455 811 553 865 similis
564 810 626 864 caui
638 811 775 865 vomitum
784 810 917 879 repetenti
929 812 964 865 ad
976 827 1033 865 suae
1045 827 1213 880 suorumque
1225 811 1354 865 foeditatis
1363 812 1458 880 nequi-

192 920 207 968 s
224 909 293 963 tiam
303 909 422 979 fitque...

264 1006 298 1062 4
326 1009 424 1060 Ultimo
435 1009 491 1060 Ιοοο
504 1008 621 1060 rotatum
632 1015 671 1061 eet
683 1010 814 1076 quomodo
824 1010 924 1062 mutter·
936 1009 1017 1061 Godo
1029 1010 1136 1062 nomine
1152 1025 1217 1062 caco
1228 1010 1392 1078 conatusque
1400 1026 1459 1064 aon-

224 1114 312 1160 trurto
329 1107 560 1173 sanctipontr'ficis
569 1107 807 1160 intervenientibus
819 1109 924 1161 mer-itta
935 1115 1033 1160 annoto
1042 1109 1086 1161 sit.
1097 1108 1190 1160 Mults
1199 1124 1260 1161 voro
1268 1124 1342 1162 voces
1352 1110 1460 1175 injuria

224 1214 274 1260 tem
275 1222 376 1274 porum
381 1207 493 1272 penitus
504 1214 682 1270 evanuerunt,
692 1208 814 1259 ationem
827 1209 874 1260 cix
886 1207 1006 1274 quedam
1018 1214 1166 1276 supersunt
1177 1209 1297 1275 restiffi‘a.

379 1721 621 1812 CLXXXIII.
655 1721 778 1809 codex
804 1723 988 1832 signans
1013 1743 1059 1809 n⁰
1088 1722 1313 1812 18421-29.

259 1978 401 2032 Foliorum
424 1978 479 2042 149,
500 1978 596 2032 iormae
614 1976 712 2031 media
730 1976 836 2043 (02295
855 1982 880 2032 )<
899 1975 977 2040 000),
989 1974 1062 2029 binis
1082 1975 1226 2039 columnis,
1237 1974 1316 2029 lineis
1332 1976 1465 2046 graphide

226 2076 318 2130 ductis
329 2079 458 2129 exaratus
470 2075 585 2129 diversis
602 2074 731 2129 manibus
748 2090 801 2128 sec.
819 2074 868 2128 XII
881 2090 913 2128 ao
925 2090 979 2128 seo.
990 2073 1062 2128 XIII.
1074 2073 1141 2128 roll.
1160 2075 1171 2127 1
1192 2074 1226 2127 ad
1246 2075 1287 2127 II*
1298 2074 1332 2127 ad
1344 2091 1398 2129 sec.
1415 2074 1464 2129 XII

227 2173 394 2245 pertinentia
403 2173 523 2242 priorem
532 2173 610 2242 quasi
621 2172 723 2227 codicis
734 2176 842 2241 partem
854 2172 1032 2227 constituunt.
1043 2171 1101 2226 Fol.
1121 2173 1165 2226 lI'
1181 2171 1261 2226 lineis
1277 2172 1364 2241 plenis
1379 2190 1466 2229 manu

226 2292 280 2329 sec.
289 2274 361 2339 XIII,
370 2274 448 2340 cuius
460 2278 501 2327 est
514 2273 650 2341 posterior
661 2288 733 2341 pars,
745 2272 897 2340 descriptus
911 2276 954 2326 est
970 2275 1164 2326 contentorum
1177 2271 1260 2326 Index
1276 2271 1373 2326 litteris
1384 2272 1467 2328 alter·

227 2374 270 2429 nis
283 2373 391 2427 vicibus
403 2372 487 2427 rubro
500 2371 635 2440 vicidique
649 2371 741 2425 colore
752 2370 875 2439 depictis.
887 2370 972 2426 Tituli
986 2370 1130 2434 rubricati;
1142 2370 1239 2425 litteras
1250 2372 1371 2440 majores
1382 2373 1466 2427 rubro

229 2473 364 2542 ricidique
380 2472 471 2525 colore
488 2471 601 2541 depicta
616 2471 734 2524 subinde
745 2470 847 2524 eximia
864 2475 1009 2524 venustate
1027 2476 1167 2524 exornata
1176 2474 1248 2526 sunt.
1257 2471 1371 2545 Insuper
1380 2472 1468 2527 curio·

227 2590 274 2627 sus
292 2588 384 2626 rerum
395 2571 571 2639 antiquarum
581 2571 725 2640 indagator
736 2570 892 2624 monendus
905 2570 1014 2623 videtur
1025 2570 1059 2622 de
1073 2569 1196 2638 pluribus
1208 2570 1390 2626 autmantium
1401 2571 1469 2627 deli·

228 2669 317 2724 neatis
329 2668 504 2737 imaginibus,
514 2684 584 2737 quas
595 2667 716 2722 inveniet
731 2684 748 2721 a
763 2667 809 2721 rot
818 2668 862 2721 47³
874 2668 909 2721 ad
922 2667 968 2722 ror.
980 2668 1033 2732 70¹,
1047 2668 1204 2722 intractata
1213 2668 1336 2737 magistri
1345 2670 1470 2739 Huqonis

229 2772 263 2825 de
280 2773 377 2823 sancto
396 2768 553 2832 Laurentio,
570 2784 654 2835 quem
673 2766 758 2821 edidit
775 2767 872 2836 Hique,
884 2767 912 2820 P.
924 2766 963 2830 L..
984 2772 1051 2821 tom.
1072 2766 1202 2831 LXXVII,
1217 2767 1411 2838 inscripsitque
1428 2773 1469 2825 Dc

229 2872 329 2925 bestiis.
340 2868 472 2937 Inspiciat
489 2868 572 2922 etiam
591 2868 713 2922 tabulam
732 2867 778 2921 fol.
797 2870 841 2922 45¹
859 2868 889 2922 in
905 2884 960 2937 qua
976 2870 1095 2937 mystica
1111 2869 1231 2938 quadam
1244 2868 1470 2939 interpretatione

229 2969 264 3023 ad
276 2967 426 3038 praecipuas
438 2967 501 3022 ritae
513 2967 670 3022 christianae
682 2967 798 3021 virtutes
810 2968 928 3022 deducta
939 2973 1004 3022 sunt
1021 2968 1081 3022 haec
1098 2984 1183 3022 sacrae
1202 2967 1350 3037 Scriptura
1367 2969 1470 3023 rerba:

232 3069 281 3122 ‘Si
290 3068 434 3123 dormiatis
446 3067 517 3121 iuter
529 3067 636 3121 medios
645 3066 741 3130 cleros,
749 3067 988 3137 pennoecolumbre
1000 3070 1183 3138 deargentatae
1195 3074 1222 3123 et
1231 3069 1384 3138 posteriora
1395 3070 1470 3124 dorsi

229 3171 289 3237 ejus
301 3168 330 3222 in
339 3168 444 3236 pallore
456 3166 516 3220 auri
528 3207 549 3230 „.
561 3167 650 3234 Hujus
660 3183 725 3220 vero
738 3166 840 3220 tabulae
852 3167 1006 3236 praecipuus
1016 3174 1130 3222 ornatus
1149 3172 1190 3222 est
1202 3169 1331 3223 columba
1342 3170 1469 3239 quaedam
1535 3167 1536 3170 ’

231 3273 355 3322 centrum
369 3267 486 3320 duorum
499 3265 665 3321 cicculorum
676 3265 754 3320 radio
767 3265 918 3334 disparium
931 3282 1078 3335 occupans.

264 3368 357 3422 Codex
371 3366 437 3420 olirn
456 3365 508 3419 fuit
524 3364 610 3419 sancti
623 3364 731 3418 Martini
743 3364 939 3430 Tornacensis3
949 3366 1051 3420 etenim
1063 3365 1092 3420 in
1105 3366 1183 3421 initio
1196 3371 1388 3423 contentorum
1401 3369 1470 3424 indi·

231 3467 270 3521 cis
282 3466 384 3534 scripta
401 3469 467 3519 sunt
484 3466 543 3518 hac
556 3484 562 3518 z
580 3465 665 3518 Liber
676 3467 766 3518 suncti
776 3466 897 3519 Martini
911 3466 1101 3520 Tosnocensis.
1112 3466 1212 3520 Postea
1223 3483 1307 3535 penes
1319 3467 1469 3525 Dominum

232 3568 260 3622 E.
268 3567 418 3620 Lammens
431 3564 520 3617 civem
533 3563 755 3627 Gandarensem;
768 3579 824 3632 quo
833 3568 953 3628 mortuo,
964 3565 991 3618 in
1003 3564 1131 3619 auctione
1140 3566 1249 3634 publica
1258 3583 1354 3621 mense
1363 3567 1470 3622 octobri

233 3667 298 3720 anni
314 3664 378 3718 1840
387 3668 564 3731 comparatus
576 3667 617 3716 est
629 3678 644 3716 a
654 3661 740 3730 Regia
748 3662 920 3716 Bruxelleusi
933 3663 1034 3716 francis
1044 3664 1176 3718 ducentis.
1185 3665 1285 3719 Notata
1301 3671 1366 3720 sunt
1382 3666 1429 3721 iila
1441 3666 1469 3722 in

233 3781 313 3818 uerso
323 3749 422 3833 prioris
434 3779 449 3817 e
463 3763 570 3816 duobus
583 3761 657 3815 toliis
666 3761 819 3815 chartaceis
828 3778 889 3829 qnae
898 3766 1058 3830 compactor
1069 3761 1148 3817 initio
1159 3763 1272 3819 addidit.

337 3966 372 4037 1⁰
398 3963 529 4035 Passio
547 3963 583 4035 S.
602 3959 722 4034 Livini
740 3960 915 4054 martyris
933 3961 1090 4053 piissimi
1107 3962 1182 4057 (sol.
1200 3965 1307 4061 129¹).

267 4095 348 4149 Edita
359 4092 431 4162 apud
441 4092 579 4157 mabillon,
591 4094 651 4145 Act.
659 4093 707 4145 SE.
721 4093 750 4146 0.
762 4093 790 4146 S.
802 4094 844 4157 B„
856 4109 909 4146 seo.
918 4092 953 4156 ΙΙ,
965 4108 991 4160 p.
1002 4093 1053 4146 450
1063 4109 1123 4162 sqq.

334 4195 373 4267 ⁶2⁰
399 4192 614 4266 Translatio
631 4193 667 4266 S.
691 4192 811 4265 Livini
833 4194 878 4266 de
895 4194 1072 4267 Holthem
1090 4193 1130 4266 in
1156 4194 1377 4270 Gandarum
1395 4196 1424 4295 (f
1445 4199 1470 4275 Ι.

269 4437 350 4494 Edita
361 4310 414 4506 ορῖ
425 4309 487 4503 Ιιῖιξ
495 4307 556 4490 god.
567 4436 595 4489 in
606 4438 665 4489 Aet.
678 4436 725 4489 SS.
739 4437 836 4503 Betqii,
848 4439 915 4489 tom.
924 4436 969 4501 111,
982 4453 1009 4504 p.
1021 4438 1070 4491 130
1081 4454 1142 4507 sqq,

337 4541 375 4613 3⁰
401 4539 531 4611 Sermo
544 4537 734 4610 Elisabeth
748 4536 892 4610 ancillae
904 4537 1054 4610 Domini
1072 4539 1116 4612 de
1134 4539 1306 4613 undecim
1319 4540 1471 4619 milibus

388 4651 573 4744 virginum
591 4649 748 4742 aliisque
773 4650 1001 4743 martyribus
1018 4651 1140 4744 passis
1165 4651 1261 4727 inter
1284 4676 1348 4730 eas
1365 4655 1471 4731 Colo·
