3270 5400
314 305 382 378 ms
644 329 900 395 curnuconn.
927 329 1206 382 unoroonnrmc.

309 517 333 570 ei
352 523 439 570 mater
454 519 596 586 quomodo
608 519 748 572 daemones
765 520 887 574 animam
904 521 964 587 ejus
982 536 1077 589 rapere
1096 527 1179 588 atque
1197 520 1232 573 ml
1248 520 1388 575 infernum
1405 520 1545 576 deducere

308 619 487 681 conabantur,
498 624 525 672 et
536 618 602 687 quia
610 620 689 672 beata
702 621 777 689 virqo
788 620 939 674 liutheriua
950 621 986 674 ab
998 636 1093 674 eorum
1108 621 1246 674 morsibus
1255 620 1364 674 fortiter
1375 637 1439 675 enm
1450 620 1546 675 delen·

309 718 402 771 disset.
420 717 467 770 Vir
483 723 575 771 autem
593 718 653 784 ejus
669 719 849 773 vehementer
866 718 984 788 gavisus,
1003 719 1157 773 construxit
1173 719 1276 788 grande
1295 720 1498 774 monasterium
1518 720 1545 774 in

310 817 416 869 honore
436 816 523 870 beatae
542 816 699 870 Katherinae
716 817 836 886 virginis.
856 817 1013 886 crinaleque
1031 835 1141 871 roseum
1159 818 1235 886 quod
1253 818 1335 871 beata
1350 818 1504 873 Katherina
1520 818 1546 873 ei

310 914 429 976 dederat.
440 916 610 969 monasterio
619 916 741 977 contulit,
753 921 836 984 atque
851 918 861 941 ⁸
875 917 910 969 ad
922 917 1045 971 Roseum
1059 916 1167 970 Crinale
1181 957 1192 981 ,
1207 916 1407 971 monasterium
1420 918 1548 971 nomina·
1564 927 1580 976 o

311 1014 357 1067 rit
367 1013 546 1067 Postmodum
558 1019 651 1067 autem
664 1014 692 1068 in
709 1016 821 1069 servitio
832 1016 919 1069 beatae
932 1016 1042 1084 virginis
1060 1016 1217 1069 Katheriuae
1229 1016 1313 1069 ambo
1325 1014 1443 1070 feliciter
1451 1032 1547 1071 couse-

310 1117 460 1174 nescentes‚
472 1118 534 1180 post
550 1113 638 1165 multa
656 1113 765 1181 pietatis
776 1130 860 1182 opera
877 1115 905 1167 in
922 1114 1028 1168 honore
1041 1118 1142 1168 sanctoe
1154 1113 1309 1167 Katherinae
1326 1112 1440 1182 virginis
1451 1114 1549 1168 multis

310 1210 441 1278 impensa.
454 1209 640 1278 migraverunt
651 1212 686 1264 ad
696 1212 854 1274 Dominum,
867 1211 980 1279 praemia
991 1213 1070 1265 abeo
1083 1212 1222 1280 accepturi
1234 1216 1345 1265 veterna.

311 1415 364 1472 De
386 1412 561 1483 muglano
586 1412 647 1483 qut
670 1413 856 1472 collectum
879 1412 892 1441 ⁸
922 1416 1019 1474 neus
1045 1413 1107 1484 qut
1130 1413 1263 1473 dedisti
1283 1415 1402 1485 legem
1432 1458 1446 1487 .
1475 1416 1547 1477 etc.

607 1512 653 1571 de
672 1512 785 1571 beate
805 1510 1010 1571 Kethertno
1032 1510 1240 1583 composuit.
1567 1520 1598 1571 m

355 1699 410 1755 17.
431 1701 462 1754 ln
479 1700 569 1769 anglia
586 1699 696 1753 civitate
709 1699 854 1753 Cantuaria
865 1701 1043 1769 eratquidam
1055 1703 1189 1756 scholaris
1198 1703 1429 1759 devoteserviens
1440 1710 1548 1761 sanctae

312 1799 409 1867 virgini
421 1797 587 1858 Katherinoe‚
605 1803 636 1851 ut
652 1797 794 1866 qratiama
806 1798 864 1851 Deo
875 1798 927 1851 sibi
940 1798 1100 1866 impetraret
1112 1805 1142 1853 ut
1154 1800 1263 1854 studere
1275 1805 1368 1869 posset
1379 1801 1408 1855 in
1419 1802 1548 1867 scientia,

312 1898 369 1951 rita
377 1904 404 1951 et
414 1897 538 1949 moribus
549 1896 584 1949 od
597 1896 731 1949 honorem
741 1895 789 1949 Dei
800 1901 826 1949 et
835 1896 952 1949 salutem
964 1897 1149 1965 proximorum
1158 1917 1164 1960 ;
1174 1902 1201 1951 et
1211 1898 1248 1952 ita
1257 1914 1287 1952 se
1296 1899 1438 1954 transtulit
1446 1901 1484 1954 ad
1494 1906 1551 1954 stu·

312 1996 388 2050 dium
395 1995 529 2064 generale,
535 2000 564 2048 et
572 1994 600 2048 iu
610 1995 686 2048 brevi
696 2000 819 2064 tempore
829 1995 941 2063 proiecit
952 2001 979 2048 et
988 1995 1175 2064 magisterium
1185 1996 1301 2065 adeptus
1310 1997 1371 2052 luit.
1380 1998 1441 2052 Rex
1450 2006 1550 2054 autern

312 2095 425 2164 cinglio),
437 2094 496 2161 ejus
513 2094 616 2146 lamam
635 2094 749 2147 audiens
767 2094 832 2162 quia
848 2099 920 2147 esset
937 2094 1072 2148 litteratus
1081 2100 1107 2148 et
1119 2095 1229 2164 probus,
1242 2095 1331 2165 ipsum
1344 2097 1379 2150 ud
1392 2114 1423 2150 se
1435 2098 1551 2152 rocavit
1568 2114 1601 2165 ω

313 2194 393 2262 eique
401 2194 488 2246 illium
497 2193 642 2250 commisit.
650 2197 749 2246 uteum
760 2192 876 2247 fideliter
883 2193 1036 2247 instrueret.
1045 2194 1172 2262 Magister
1181 2211 1245 2248 vero
1254 2211 1366 2249 omnem
1376 2196 1549 2267 diligentiam

313 2293 451 2351 adhibuit;
464 2293 512 2346 sed
523 2292 596 2345 lilius
608 2294 678 2361 regis
690 2292 749 2345 duri
762 2292 863 2361 ingenii
875 2298 902 2346 et
913 2293 1024 2346 rebellis
1034 2293 1131 2347 extitit.
1141 2293 1247 2347 Accidit
1256 2295 1330 2362 quod
1340 2296 1552 2363 propterrebel·

313 2393 413 2446 lionem
428 2392 557 2460 magister
568 2407 631 2444 eum
650 2396 762 2445 exueret
772 2397 871 2445 etcum
883 2391 1077 2460 discipliuaret.
1086 2392 1147 2460 lpse
1159 2409 1225 2446 vero
1238 2393 1327 2446 nudus
1338 2393 1446 2462 lugiens
1458 2400 1489 2448 et
1501 2412 1553 2464 per

314 2494 423 2560 pontem
437 2506 557 2553 currens,
569 2490 598 2542 in
610 2505 709 2557 aquam
722 2489 820 2543 cecidit
833 2494 915 2558 utque
924 2490 1082 2543 submersus
1101 2496 1151 2544 est.
1162 2490 1224 2545 llox
1237 2489 1282 2544 ille
1295 2491 1479 2547 vehementer
1491 2510 1553 2563 per·

315 2587 433 2651 territus,
450 2587 537 2640 beotae
554 2585 709 2640 Katherime
727 2586 814 2640 lilium
832 2587 902 2655 regis
919 2587 1131 2650 commendavit,
1147 2587 1296 2656 statimque
1313 2587 1466 2656 piscatores
1485 2607 1552 2645 curn
1571 2606 1605 2659 ιο

316 2687 432 2740 navibus
445 2686 601 2747 missisunt,
611 2689 641 2738 ut
652 2701 715 2739 eum
728 2690 889 2754 quaererent.
900 2684 953 2739 Sed
966 2702 1021 2739 non
1034 2692 1074 2739 est
1088 2685 1215 2740 inventus
1224 2687 1260 2740 ab
1270 2686 1318 2740 eis.
1328 2687 1458 2756 Magister
1467 2689 1555 2759 igitur

317 2801 380 2839 inor
400 2786 590 2838 incarceratur.
611 2783 663 2850 Qui
685 2784 711 2837 in
735 2800 843 2837 carcere
862 2785 970 2838 beatam
993 2784 1173 2838 Kalherinam
1192 2785 1321 2839 inuocare
1342 2802 1398 2841 non
1420 2791 1554 2853 cesserit,

317 2884 544 2938 recommendans
556 2883 581 2936 ei
590 2883 677 2936 lilium
689 2884 767 2952 regis.
780 2883 903 2952 Denique
914 2883 992 2937 tertia
1002 2884 1069 2936 hora
1082 2884 1223 2951 sequentis
1235 2884 1290 2939 diei
1302 2901 1365 2938 cum
1376 2886 1405 2939 in
1416 2888 1555 2955 parochia

317 2997 427 3035 summa
439 2981 523 3034 missa
539 2985 704 3044 cantaretur,
715 2981 788 3034 silius
805 2981 874 3049 regis
886 2980 1028 3034 ecclesiam
1042 2981 1161 3046 intrarit,
1173 2982 1266 3036 albam
1284 2983 1393 3038 hahens
1404 2986 1554 3041 camisiam

317 3079 346 3132 in
357 3096 412 3147 qua
424 3080 514 3132 aureis
525 3080 622 3133 litteris
633 3079 762 3149 scriptum
776 3085 834 3132 erut
847 3079 910 3133 illud
927 3079 1091 3147 psalmistae:
1105 3082 1149 3134 Da
1162 3083 1231 3134 vitilia·
1243 3084 1412 3150 intellectum,
1424 3085 1556 3153 Domine,
1573 3100 1608 3151 ῃ

230 3172 233 3177 ’
318 3188 348 3231 ιιι
366 3182 469 3231 diecom
486 3180 615 3231 inundato
632 3187 687 3231 tua.
699 3177 778 3244 Quod
791 3194 854 3246 cum
867 3178 967 3245 reqinre
979 3183 1006 3231 et
1018 3177 1073 3246 regi
1086 3180 1242 3233 nuntiatum
1255 3179 1360 3242 luisset
1371 3182 1469 3237 statim
1488 3200 1556 3239 curn

318 3276 417 3346 gaudio
434 3292 535 3344 magno
552 3277 587 3329 ad
605 3276 748 3329 ecclesiam
764 3282 953 3333 cucurrerunt:
973 3277 1151 3346 ridentesque
1168 3279 1253 3332 lilium
1272 3296 1353 3334 suurn
1372 3281 1557 3349 incolumem,

318 3376 402 3446 gavisi
422 3381 486 3429 sunt
498 3375 584 3429 valde.
594 3375 677 3428 Filius
692 3382 784 3429 autem
798 3377 868 3444 regis
879 3376 948 3444 patri
961 3382 987 3429 et
1001 3376 1081 3430 malai
1098 3378 1280 3448 omnibusque
1292 3381 1340 3448 qui
1353 3381 1482 3445 aderant.
1494 3400 1557 3439 nar·

318 3476 389 3529 rarit
397 3475 538 3543 quomodo
550 3475 630 3528 beatu
641 3474 790 3528 Kallierina
802 3491 866 3528 eum
879 3476 908 3528 in
921 3491 992 3544 aqua
1008 3477 1174 3530 sustentavit
1192 3494 1241 3545 per
1251 3477 1324 3531 diem
1337 3483 1366 3532 et
1377 3496 1428 3548 per
1439 3488 1558 3539 noctem

317 3577 377 3628 sine
386 3574 624 3642 laesionemque
636 3580 830 3642 praeceptorem
840 3591 930 3637 suum,
938 3574 986 3642 qui
1000 3590 1064 3628 eum
1077 3576 1166 3630 eidem
1179 3578 1465 3635 recommendaverat.
1478 3582 1559 3637 Post·
1578 3592 1611 3647 a

318 3675 432 3728 modum
444 3674 516 3727 lilius
528 3673 597 3741 regis
615 3672 749 3741 optimum
768 3673 905 3742 ingenium
924 3674 1052 3726 studendi
1070 3673 1176 3737 habuit,
1195 3676 1231 3728 ita
1250 3681 1281 3728 ut
1296 3692 1486 3748 qaaecumque
1504 3681 1560 3739 sibi

318 3774 478 3842 legebantur
496 3773 587 3826 statim
608 3773 778 3841 intelligeret.
796 3773 855 3826 Rex
873 3778 964 3826 autem
984 3790 1045 3826 cum
1065 3774 1140 3827 oanni
1159 3775 1259 3843 populo
1280 3776 1401 3844 gavisus,
1419 3780 1562 3837 exaltarit

318 3874 477 3941 magistrum
491 3872 567 3926 illum
586 3878 697 3940 propter
713 3872 810 3925 merita
823 3878 924 3925 sancire
942 3871 1104 3926 Katherinae.
1118 3873 1151 3925 Et
1163 3872 1220 3940 ipse
1232 3873 1358 3929 similiter
1369 3892 1437 3930 cum
1450 3881 1561 3950 regina,

318 3990 351 4025 ac
362 3973 433 4027 lilius
441 3972 531 4026 eidem
545 3972 640 4041 virgini
648 3972 765 4025 fideliter
776 3972 933 4025 servientes.
943 3973 1019 4025 Tunc
1031 3972 1161 4040 magister
1173 3973 1301 4040 prelatus
1314 3974 1464 4032 collectum
1479 3980 1560 4037 illam

318 4073 474 4139 composuit
483 4089 544 4141 qure
557 4073 583 4125 in
598 4071 682 4125 missa
694 4071 792 4139 legitur
804 4072 837 4123 de
853 4071 906 4130 illa,
917 4071 1061 4125 videlicet:
1077 4072 1180 4134 “Deus
1191 4071 1238 4139 qui
1251 4072 1349 4126 dedisti
1361 4072 1455 4144 legem
1468 4078 1560 4150 Moysi
1579 4088 1610 4139 35

319 4171 346 4223 in
356 4170 514 4223 summitate
527 4169 629 4222 montis
637 4167 718 4236 Synai
735 4175 808 4231 „etc

365 4362 369 4367 ’
400 4378 452 4433 De
473 4372 627 4445 quodam
646 4373 820 4431 monacho
840 4371 901 4442 qut
922 4369 1073 4442 mmmm
1098 4371 1142 4429 de
1167 4384 1276 4430 mauu
1294 4372 1473 4443 glorioeee

738 4470 891 4542 vlrgtnts
914 4469 1123 4541 promeruit.

364 4664 419 4721 18.
438 4665 555 4731 Quidum
567 4664 718 4716 nronaclms
731 4662 963 4731 Rotlmnmgensis
975 4661 1009 4714 ad
1023 4667 1144 4715 montem
1159 4661 1239 4729 Synai
1253 4660 1382 4730 perrexit.
1395 4661 1496 4735 ibique
1508 4686 1560 4739 per
