3270 5400
348 322 416 394 iiii
678 343 805 395 caran.
831 343 935 395 cono.
962 343 1239 394 sacrocaarmc.

343 534 402 601 ejus
414 550 513 587 manus
525 550 623 589 sacras.
635 532 725 586 oravit
735 549 784 601 pro
797 533 856 601 ipso
872 533 907 585 aa
926 533 1082 585 Dominum.
1096 532 1221 599 Cumque
1231 538 1323 585 oraret
1336 532 1480 600 prolixius,
1491 534 1578 588 sensit

344 633 389 687 ille
400 634 549 701 qnamdam
561 632 750 702 superinfundi
762 632 934 685 dulcedinem
948 632 1024 685 cordi
1039 647 1090 683 suo
1100 630 1244 700 risumque
1256 638 1297 684 esi
1309 631 1343 687 ei.
1356 637 1385 684 ui
1397 636 1517 687 testatus
1527 640 1579 693 eet.

343 731 416 801 qnod
434 731 495 784 dure
507 747 605 784 manus
617 747 665 784 cor
676 731 735 798 ejus
746 729 909 798 stringentes
921 735 1061 798 tamquam
1075 729 1182 782 vincula
1201 730 1380 783 solverentur.
1392 730 1438 783 Sic
1449 730 1578 799 oratione

343 829 429 882 sancti
442 828 634 897 tranquillatae
646 828 755 881 animus
766 828 871 887 tentati,
889 827 999 880 ferrens
1015 834 1042 880 et
1064 827 1160 895 rigoris
1180 828 1288 896 patiens
1303 834 1346 881 est
1366 829 1493 882 eftectus.
1510 828 1579 896 Quis

255 984 261 996 ‚
343 926 479 995 explicare
488 927 522 980 ad
533 927 642 995 plenum
653 925 772 979 suiilciat
780 926 869 994 quot*
881 926 1053 978 turbatorum
1064 925 1207 978 moestitias
1215 942 1265 978 sua
1274 926 1475 988 consolatione.
1486 928 1579 996 quot*
1593 936 1609 984 u

281 1051 287 1063 ·
342 1030 509 1080 tentatorum
521 1026 694 1079 turbulentos
703 1029 795 1077 motus
807 1024 977 1078 discretione.
990 1029 1111 1092 quotque
1123 1026 1137 1053 ⁸
1150 1025 1306 1078 daemonum
1320 1025 1440 1078 insultus
1452 1042 1506 1080 sna
1517 1043 1579 1080 ora·

225 1128 252 1177 ’.
344 1125 417 1180 tione
435 1124 612 1194 propulsavit.
631 1124 750 1177 Veniens
762 1124 924 1191 maneque⁸
946 1123 1062 1177 adeum
1084 1123 1196 1191 qnidam
1215 1123 1338 1189 clericus,
1355 1124 1383 1177 in
1402 1125 1578 1180 consessione

342 1241 404 1279 cnm
421 1224 508 1278 multa
519 1224 731 1292 compunctione
743 1221 949 1276 lacrimabiliter
961 1221 1132 1290 querulando
1144 1225 1273 1291 exposuit
1289 1225 1365 1293 quod
1383 1225 1477 1278 carnis
1494 1225 1577 1280 lubri-

342 1339 405 1375 cum
424 1339 479 1376 non
491 1327 599 1392 poterat
611 1322 722 1391 evitare.
734 1321 819 1387 Cujus
828 1320 1022 1374 contritionem
1035 1321 1211 1374 considerans
1220 1322 1395 1391 miseriisque
1404 1323 1578 1393 compatiens

342 1419 385 1473 vir
405 1424 523 1477 sanctus.
536 1419 705 1473 confidenter
719 1418 788 1472 dixit
800 1417 823 1471 ei
837 1437 844 1470 ε
857 1419 987 1471 Promitte
998 1419 1055 1477 riti,
1067 1421 1216 1482 carissime,
1227 1422 1299 1487 quod
1317 1423 1345 1472 iu
1365 1429 1391 1473 ie
1408 1422 1463 1474 hac
1483 1424 1576 1490 turpis
1593 1428 1624 1477 id

341 1519 484 1572 lubricitas
495 1520 619 1585 deinceps
636 1535 689 1569 non
703 1517 864 1584 precantis.
881 1515 960 1582 Quod
978 1520 1143 1583 cooperante
1161 1516 1209 1568 Dei
1226 1517 1315 1584 gratia
1334 1519 1508 1586 completum
1528 1526 1576 1579 est.

341 1618 411 1670 sicui
424 1617 495 1670 idem
509 1616 536 1670 in
549 1616 721 1669 consessione
735 1615 864 1668 iratribus
878 1614 1015 1668 indicarit.

691 1820 742 1875 De
763 1815 1060 1886 multiplicatione
1080 1829 1224 1886 panum.

163 2010 276 2087 'irrisis
383 2009 439 2067 21.
458 2009 604 2064 Transiens
622 2009 655 2061 de
673 2014 754 2075 gente
772 2006 799 2060 in
811 2012 930 2075 geniem.
943 2008 977 2060 de
994 2006 1159 2059 Lorirlrardia
1172 2007 1185 2036 *
1198 2007 1225 2060 in
1238 2007 1435 2069 Tlreutoniam,
1447 2012 1575 2079 magister

130 2078 303 2131 mmmmm·
342 2109 461 2162 venitin
479 2106 571 2159 sillam
585 2105 613 2159 in
626 2103 740 2172 Alpibus
752 2103 843 2159 sitam.
861 2119 922 2156 cum
942 2103 1050 2155 duobus
1068 2102 1197 2154 tratribus
1215 2107 1242 2155 et
1259 2119 1314 2156 nno
1332 2103 1435 2158 clerico
1452 2106 1574 2178 seculari,
1594 2114 1624 2162 st

341 2206 447 2273 Quibus
467 2206 567 2272 hospes
587 2202 621 2255 ad
639 2217 721 2270 quern
736 2199 913 2253 intraverant.
926 2199 991 2268 quia
1007 2198 1069 2267 plus
1085 2214 1141 2252 non
1161 2199 1268 2263 habuit,
1279 2200 1350 2253 duos
1367 2207 1477 2256 tantum
1491 2219 1575 2273 panes

340 2304 476 2374 apposuit.
485 2304 524 2356 De
536 2301 635 2370 quihus
648 2300 689 2352 cir
701 2299 761 2368 pius
774 2298 940 2366 pauperibus
951 2297 1157 2350 accurrentibus
1167 2298 1357 2367 eleemosynas
1366 2299 1479 2368 largiter
1489 2302 1574 2357 distri.

340 2404 407 2457 buit.
419 2403 498 2466 Quod
512 2401 636 2454 uidentes
648 2399 749 2465 hospes
762 2402 789 2449 et
806 2396 881 2453 socii.
894 2396 1020 2449 dixerunt
1039 2416 1045 2448 :
1066 2397 1139 2462 Orrid
1154 2398 1234 2462 sacis,
1248 2402 1352 2465 poter?
1368 2401 1489 2466 lusuros
1504 2404 1575 2470 quod

337 2521 423 2573 panes
441 2520 493 2556 riou
513 2501 660 2553 habemus?
672 2495 865 2564 Conclusiique
886 2495 986 2562 hospes
1003 2494 1103 2547 ostium
1122 2496 1234 2558 domum
1255 2497 1329 2564 quod
1346 2504 1461 2553 sanctus
1477 2500 1573 2569 aperiri

339 2601 475 2671 praecepit,
487 2599 615 2666 deditque
628 2598 661 2650 de
672 2595 724 2650 illis
733 2594 841 2647 dnobus
855 2594 972 2661 panibus
984 2609 1038 2646 xxx
1050 2592 1239 2662 eleemosynas
1250 2600 1307 2648 iam
1319 2595 1418 2665 largus,
1427 2604 1460 2651 ut
1470 2599 1572 2653 unicui.
1599 2605 1625 2652 2

339 2718 392 2769 que
405 2701 530 2754 sulficere
543 2701 651 2766 poterat
662 2695 736 2763 quod
750 2693 862 2761 accepit.
875 2692 1055 2760 Comcdiique
1067 2692 1124 2761 ipse
1136 2710 1199 2746 cum
1211 2694 1302 2758 sociis,
1314 2700 1340 2748 et
1358 2696 1530 2753 sufficienter
1540 2699 1573 2753 ad

339 2800 468 2870 placitum
491 2797 584 2851 reiecti
602 2800 680 2851 sunt:
699 2793 884 2861 remansitque
902 2797 1020 2854 tantum,
1037 2792 1110 2860 quod
1128 2793 1162 2845 ad
1181 2809 1265 2846 unam
1279 2794 1460 2849 reiectionem
1472 2798 1572 2867 hospiti

339 2914 402 2951 cum
415 2912 500 2950 uxore
512 2899 538 2947 et
552 2898 609 2945 iota
622 2891 725 2945 familia
736 2889 802 2942 salis
812 2888 871 2942 t'uii.
884 2888 944 2955 Qui.
958 2888 1016 2942 viso
1029 2888 1169 2951 miraculo,
1181 2889 1250 2942 dixit
1265 2910 1271 2942 ε
1288 2892 1355 2944 l'ere
1365 2894 1409 2945 hic
1422 2895 1502 2949 homo
1512 2912 1574 2949 aaa·

339 3006 405 3060 ciris,
414 2994 555 3062 noluitque
565 3009 581 3044 a
593 2991 691 3044 clerico
702 2989 852 3057 quidquam
866 2987 1002 3055 accipere;
1014 2987 1062 3040 sed
1082 2987 1192 3056 insuper
1204 3004 1282 3042 suam
1293 2989 1502 3060 eleemosynam
1511 2993 1574 3063 ipsis

339 3092 421 3146 dedii.
432 3119 462 3130 -
472 3089 602 3156 Quaedam
613 3087 726 3139 domina
738 3088 836 3137 iratres
846 3083 995 3151 recipiebat
1006 3082 1129 3139 libenter.
1138 3083 1203 3136 licet
1212 3085 1312 3138 marito
1322 3085 1475 3141 admoilnm
1484 3088 1578 3157 dispti·
1604 3091 1625 3141 Ξ

338 3195 420 3244 ceret.
438 3187 563 3254 Suscepit
575 3202 638 3253 ergo
652 3183 812 3251 magistrum
826 3198 888 3234 cum
902 3180 991 3234 sociis,
1010 3181 1186 3234 Dissimulato
1203 3187 1296 3236 autem
1309 3183 1415 3247 dolore,
1427 3185 1471 3240 uir
1481 3202 1577 3256 super·

339 3288 451 3343 veniens
472 3285 561 3356 posuit
579 3283 660 3337 send
679 3298 810 3335 mensam.
829 3280 922 3333 Sciens
941 3285 1032 3332 autem
1054 3280 1155 3333 bonum
1177 3281 1269 3334 sinum
1288 3283 1457 3350 appositum,
1475 3302 1578 3341 vocans

339 3388 494 3442 ministrum
508 3384 593 3438 dixit:
607 3385 685 3449 aiffa·
697 3385 748 3435 cito
761 3383 793 3433 de
805 3383 865 3432 rino
885 3382 992 3433 irreliori
1009 3382 1081 3446 qerrid
1095 3388 1132 3433 cri
1146 3383 1173 3432 iu
1188 3389 1277 3447 repete.
1295 3382 1406 3448 isitii,
1419 3388 1513 3452 ntiser,
1528 3388 1574 3455 qui

179 3489 192 3516 ⁸
202 3505 254 3554 pro
339 3491 409 3542 dicis
422 3489 522 3539 ιιιιιὶιιιιι
534 3486 647 3544 torinna
658 3483 706 3533 lior
718 3483 787 3533 cuim
801 3481 873 3547 priori
882 3486 1020 3546 ianrqttum
1033 3480 1130 3531 tonum
1138 3482 1262 3546 prestulari
1269 3480 1290 3545 *,
1299 3489 1336 3533 cst
1346 3492 1516 3551 corruptum.
1525 3484 1574 3538 ivit

129 3555 304 3621 W'ml‘ms?
340 3586 399 3649 ille;
413 3586 530 3638 atterens
543 3579 705 3649 propinavit.
720 3576 798 3644 Quod
812 3592 874 3629 cum
888 3579 1040 3643 gustassent
1055 3575 1195 3628 incenium
1205 3582 1246 3628 est
1256 3579 1390 3644 optimum
1402 3580 1571 3634 excellenter.
1580 3588 1607 3639 κ

339 3685 444 3738 Furens
468 3681 549 3750 igitur
572 3694 681 3732 serrum
708 3676 836 3743 increpat.
862 3674 935 3742 quod
961 3689 1014 3725 non
1041 3672 1195 3740 impleverit
1220 3673 1381 3738 jussionem.
1411 3677 1571 3746 propinatur

340 3782 469 3839 secundo.
487 3786 512 3834 ei
531 3779 628 3832 iterum
650 3775 747 3829 melius
766 3774 911 3827 invenitur.
930 3772 1006 3825 Tunc
1024 3772 1107 3825 miser
1125 3772 1200 3825 illudi
1217 3773 1269 3826 sibi
1287 3779 1395 3842 putans
1414 3793 1530 3847 surgens
1546 3779 1571 3832 tn

244 3925 249 3935 .
341 3883 418 3941 iuria,
432 3880 480 3934 ixit
490 3876 610 3949 gustavit
621 3882 649 3929 et
666 3873 794 3941 cognorit
806 3872 880 3941 quod
893 3871 942 3924 Dei
955 3870 1055 3924 virtute
1067 3870 1206 3938 corruptio
1219 3872 1344 3926 induerat
1356 3877 1541 3945 corruptelam
1552 3878 1571 3931 i,

340 3981 470 4035 Conversi
491 3983 554 4031 sunt
571 3992 635 4044 ergo
654 3973 696 4026 vir
713 3978 741 4025 et
758 3972 851 4024 vinum
871 3970 898 4024 in
910 3970 1017 4032 melius,
1029 3969 1134 4023 meritis
1145 3970 1231 4024 sancti
1245 3970 1304 4024 siri.
1317 3972 1350 4025 Et
1368 3989 1419 4041 per
1430 3975 1573 4032 mulierem

339 4081 447 4136 fidelem
461 4077 647 4131 sanctificatus
659 4073 700 4126 uir
718 4071 843 4131 infidelis,
857 4070 942 4138 ipsam
961 4069 995 4122 ad
1007 4069 1115 4137 potiora
1127 4069 1297 4124 hortabatur.
1310 4100 1343 4109 -
1360 4070 1451 4127 faber
1461 4075 1574 4144 quidam
1588 4086 1617 4141 a

341 4181 368 4233 in
380 4176 536 4233 'l'heutonia
544 4172 637 4228 multis
647 4170 726 4225 antris
738 4186 786 4237 per
798 4168 871 4222 diem
884 4173 912 4220 et
923 4172 1031 4220 rioctem
1046 4167 1154 4235 triginta
1167 4167 1271 4221 vicibus
1283 4169 1318 4222 ad
1330 4185 1413 4224 nares
1426 4172 1505 4227 lluxu
1515 4190 1576 4229 san·

340 4277 428 4348 guinis
441 4274 591 4329 laborabat.
602 4271 686 4337 itujus
699 4269 740 4322 xii·
750 4269 799 4321 [lei
808 4267 890 4320 iidem
904 4271 931 4319 et
940 4265 1117 4319 devotionem
1129 4267 1282 4330 advertens,
1291 4268 1383 4337 ipsum
1396 4274 1474 4325 tactu
1492 4289 1577 4329 sacre

342 4391 439 4431 manus
451 4374 571 4440 tusisque
584 4371 618 4423 ad
632 4370 718 4423 Deum
732 4366 857 4436 precibus
874 4364 983 4417 sanitati
1003 4364 1121 4418 restituit
1133 4364 1244 4418 instanti
1256 4366 1279 4418 *.
1292 4394 1323 4404 -
1336 4367 1518 4426 Sacerdotem
1530 4376 1577 4442 qni

341 4475 387 4528 diu
404 4474 545 4541 languerat
562 4476 589 4523 ct
608 4470 633 4523 in
652 4443 774 4522 medicos
785 4484 849 4519 suas
861 4467 1027 4533 expenderat
1045 4466 1196 4527 facultates,
1214 4467 1241 4520 in
1259 4468 1435 4524 consessione
1453 4474 1579 4535 audiens.

340 4572 458 4641 injunxit
476 4571 500 4624 ei
519 4569 704 4638 peonitentiam
723 4567 880 4620 salutarem.
899 4566 948 4618 itui
967 4565 1049 4617 etiam
1068 4566 1126 4619 suis
1143 4565 1268 4632 precibus
1286 4567 1438 4635 perfectam
1457 4572 1582 4631 ⁰ilfi¹²¹¹i¹
1595 4580 1626 4637 Β

170 4674 225 4731 *ti
237 4674 272 4731 c.)
341 4672 496 4725 sanitatem.
507 4669 576 4722 sicut
593 4668 663 4721 idem
683 4665 811 4719 iratribus
829 4681 890 4717 cnm
910 4666 923 4693 ⁸
941 4664 1060 4718 lacrimis
1076 4664 1176 4719 retulit.
1195 4664 1244 4718 viri
1257 4665 1580 4733 magnificans-sanctita·

152 4742 208 4792 cort.
220 4754 282 4791 cnm

149 4805 288 4858 iratribus.
