3270 5400
390 303 482 355 nisu.
499 302 581 355 aso.
600 303 774 355 nauxnur..
794 325 841 334 -
859 304 963 355 conn.
983 295 1031 353 rus
1048 302 1141 372 uass,
1159 302 1251 354 rasas.
1366 283 1439 356 lul

401 583 642 672 ouxxxm.
668 582 795 671 (lodex
820 584 1007 694 signatus
1032 605 1078 670 n⁰
1105 583 1247 673 19385.

235 817 377 873 Foliorum
388 820 429 883 sl,
439 820 535 873 torma
546 819 660 887 majoris
679 818 786 885 (0¹⁰,373
798 827 823 875 Χ
835 820 929 885 0377).
939 819 1034 887 Qualis
1047 835 1120 874 nunc
1135 821 1254 875 habetur
1262 836 1320 875 nou
1332 825 1374 874 est
1386 821 1438 875 nisi
1554 869 1556 874 ,

202 916 388 986 fragmentum
400 917 502 973 oodicis
519 917 668 986 amplioris,
685 934 740 986 quo
753 917 845 986 plures
862 923 1020 972 sanctorum
1030 918 1099 972 vua
1111 918 1332 974 continebantur.
1343 919 1437 975 Prima
1522 958 1526 964 -

203 1016 277 1070 euim
289 1016 316 1070 S.
329 1016 469 1071 Lamberti
481 1016 543 1070 vita
555 1016 662 1086 signata
671 1021 714 1070 est
725 1017 830 1071 XXVI.
842 1016 1011 1072 Nitidissirue
1028 1033 1085 1070 una
1097 1033 1191 1081 manu,
1209 1017 1281 1072 biuis
1293 1018 1437 1085 columnis,

201 1114 282 1169 lineis
293 1114 364 1184 stylo
374 1115 462 1170 ferreo
475 1115 572 1180 ductis,
585 1121 714 1169 exaratus
725 1120 767 1169 est
778 1115 871 1169 seculo
884 1115 941 1169 llll.
958 1115 1041 1169 Tituli
1059 1115 1199 1181 rubricati,
1212 1116 1334 1184 itemque
1342 1116 1439 1172 littera

202 1215 323 1284 majores
329 1234 336 1279 ;
347 1215 454 1278 littere,
465 1215 566 1284 quibus
575 1215 671 1284 incipit
679 1215 808 1285 prologus
818 1220 846 1269 et
854 1219 971 1283 utraque
980 1215 1006 1268 S.
1013 1214 1155 1269 Lamberti
1165 1216 1234 1279 Vita,
1244 1216 1327 1270 varin
1335 1216 1440 1271 adbibi-

203 1313 237 1367 tis
254 1314 393 1368 coloribus
410 1314 510 1382 majori
521 1331 589 1368 cura
601 1320 741 1369 exornatas
752 1319 824 1368 suut.
836 1314 885 1368 His
904 1313 1036 1383 iusiguius
1052 1319 1094 1368 est
1113 1315 1222 1369 initium
1244 1314 1312 1368 Vitae
1326 1321 1439 1370 auctore

202 1414 359 1484 Stephau0;
376 1414 414 1469 ibi
430 1431 487 1469 nou
500 1419 608 1469 tantum
626 1414 816 1484 primalitterc
828 1414 926 1469 ceteris
946 1419 1045 1467 ornatu
1063 1430 1113 1468 suo
1131 1415 1268 1483 praecellit,
1286 1417 1334 1469 sed
1353 1417 1437 1470 etiam

202 1513 400 1583 subsequentes
412 1514 518 1584 aliquot
530 1513 679 1568 verborum
691 1513 788 1568 littera
800 1513 913 1568 alternis
925 1512 1032 1567 vicibus
1041 1513 1125 1568 rubro
1138 1513 1310 1583 caeruleoque
1322 1514 1437 1584 depictas

202 1618 275 1668 sunt.

235 1713 275 1767 Ile
294 1713 397 1767 codicis
417 1713 523 1783 origine
542 1718 747 1769 commentatus
766 1719 808 1768 est
825 1715 858 1768 cl.
878 1713 920 1768 vii·
932 1713 1000 1767 baro
1013 1713 1047 1767 da
1067 1713 1244 1782 Reillenberq
1262 1714 1312 1780 (1);
1333 1713 1381 1782 qui
1401 1729 1435 1766 ex

203 1813 336 1868 affinitate
353 1813 456 1869 codicis
472 1830 535 1868 cum
548 1818 626 1867 textu
638 1812 711 1867 edito
723 1830 741 1867 a
752 1812 929 1883 Chapeaville
940 1813 975 1879 (2)
988 1813 1116 1882 opinatus
1134 1816 1176 1866 cst
1187 1811 1310 1867 codicem
1323 1811 1438 1866 forsitan

202 1913 286 1967 luisse
297 1914 386 1974 sancti
398 1913 471 1967 Petri
483 1913 650 1967 leodiensis
664 1912 785 1966 Decursu
795 1917 949 1980 temporum
960 1912 1072 1966 devenit
1081 1911 1109 1965 iu
1116 1910 1315 1966 bibliothecam
1328 1909 1439 1964 Domini
1452 1940 1456 1950 ·

202 2011 357 2082 lavasseye,
376 2014 455 2080 cujus
474 2013 571 2066 ultima
591 2012 842 2080 manuscriptorum
863 2028 926 2080 pars
946 2010 1090 2065 licitationi
1108 2010 1224 2079 publicae
1245 2009 1371 2078 exposita
1387 2010 1439 2064 luit

202 2111 246 2166 die
257 2114 291 2166 w
300 2112 420 2182 januarii
437 2113 502 2166 anui
521 2113 593 2177 1845,
602 2114 632 2166 in
650 2127 735 2181 quaa
752 2110 837 2180 Regia
849 2109 1019 2165 Bruxellensi
1032 2109 1130 2165 solutis
1142 2110 1244 2164 francis
1260 2110 1311 2165 345
1328 2125 1438 2178 compa·

202 2217 279 2269 ratus
290 2218 339 2268 est
403 2229 406 2234 ’
494 2233 498 2239 ·

304 2383 340 2453 1⁰
365 2380 508 2473 [Passio
523 2380 559 2454 S.
574 2379 762 2453 Lamberti
780 2377 954 2471 episcopi]
973 2377 1047 2473 (fol.
1071 2377 1201 2472 12101).

235 2511 298 2565 Vita
307 2515 419 2565 auctore
430 2511 571 2579 Stephano
584 2510 657 2563 edita
666 2509 694 2563 in
707 2512 766 2562 Act.
779 2509 832 2572 SS.
842 2508 877 2561 ad
889 2507 915 2561 d.
929 2507 957 2560 17
970 2506 1051 2576 Sept..
1063 2511 1130 2560 tom.
1140 2507 1172 2570 V,
1184 2523 1211 2575 p.
1219 2506 1267 2560 581
1280 2522 1339 2575 sqq.

301 2611 339 2683 2⁰
364 2610 450 2684 Vita
466 2616 504 2683 et
528 2609 652 2703 passio
675 2609 711 2682 S.
730 2608 916 2683 Lamberti
934 2606 1096 2701 episcopi
1113 2614 1150 2681 et
1167 2607 1342 2700 martyris
1360 2606 1435 2702 (fol.

352 2728 510 2824 ior-nr).

234 2853 297 2907 Vita
305 2859 418 2908 auctore
427 2853 568 2922 Sigeberto
581 2853 654 2907 edita
663 2852 738 2916 ibid,
749 2867 775 2919 p.
783 2852 833 2905 589
841 2867 901 2919 sqq.

642 3078 987 3088 *—

468 3320 571 3409 GXG.
596 3320 720 3409 (lodex
745 3322 931 3431 sIgnatus
959 3339 1004 3408 n⁰
1032 3319 1170 3410 19525.

231 3553 371 3608 Foliorum
380 3556 421 3620 95,
431 3557 526 3609 lormse
535 3555 649 3610 minoris
658 3558 763 3622 (0¹¹¹‚193
775 3567 800 3615 ><
811 3559 897 3625 onst)
906 3558 985 3614 lineis
994 3558 1082 3627 plenis
1091 3558 1222 3627 graphide
1233 3557 1328 3622 ductis,
1338 3573 1432 3612 exara·

197 3658 242 3707 tus
251 3670 305 3708 sec.
313 3653 384 3708 XIII.
393 3654 477 3710 Tituli
487 3655 625 3720 rubricati,
636 3657 755 3726 itemque
768 3656 865 3711 litteras
881 3658 1009 3726 majores.
1018 3659 1057 3712 Ex
1070 3658 1168 3712 notula
1179 3657 1310 3726 inscripta
1321 3657 1432 3721 charta,

196 3769 259 3822 quae
271 3753 435 3808 intrinsecus
446 3759 604 3823 tegumento
617 3756 748 3821 adbaeret,
758 3756 887 3810 uovaus
903 3756 1026 3811 codicem
1045 3757 1073 3811 iu
1091 3757 1205 3826 Regiam
1223 3755 1431 3811 Bruxellensem

196 3853 348 3923 repositum
362 3854 629 3909 iuissemenselulio
643 3856 708 3910 anni
722 3858 793 3922 1846,
805 3857 903 3912 solutis
912 3857 1032 3912 Domino
1042 3858 1162 3927 Schayes
1175 3859 1276 3912 francis
1288 3859 1329 3913 25.
1339 3858 1377 3913 CI.
1391 3858 1432 3912 vir

196 3952 270 4006 Baro
282 3953 319 4007 de
336 3953 512 4022 Reiffenberg
532 3955 631 4008 asserit
648 3970 711 4008 eum
731 3955 797 4009 olim
815 3956 899 4010 luisse
919 3956 1027 4010 Sanctae
1045 3956 1137 4011 Maria
1154 3958 1188 4010 de
1208 3957 1302 4011 Villari
1321 3957 1348 4011 in
1367 3957 1432 4012 Bra·

196 4052 293 4107 bantia
304 4053 352 4119 (3).

294 4220 381 4294 Vita
397 4221 522 4295 fratris
535 4222 687 4296 Abundi
700 4223 876 4296 monachi
894 4223 1123 4298 villariensis
1137 4223 1211 4321 (sol.
1231 4225 1365 4322 1¹·I5V).

229 4350 362 4421 Prologus
376 4368 409 4406 ac
420 4352 602 4421 capitulorum
615 4353 697 4408 index
709 4353 776 4408 editi
791 4354 863 4423 apud
881 4354 916 4407 de
928 4354 1111 4424 Reiilenberq‚
1131 4361 1197 4409 tom.
1210 4357 1263 4421 cit,
1275 4374 1300 4426 p.
1312 4358 1346 4410 96
1357 4371 1417 4425 sqq.
1424 4374 1431 4419 ;

230 4531 268 4599 (1)
280 4531 416 4586 Bullatins
428 4535 460 4586 ule
472 4534 638 4587 l’Acuddmie
647 4537 747 4601 rupeis,
759 4539 825 4587 tom.
838 4534 895 4596 ΧΗ,
908 4540 978 4604 part.
988 4552 1004 4599 r,
1017 4550 1042 4602 p.
1057 4534 1102 4588 171
1116 4551 1174 4604 sqq.
1184 4565 1214 4574 -
1224 4536 1262 4603 (I)
1275 4538 1431 4606 Gestopon·

194 4616 324 4753 2130qu
320 4615 532 4768 angfirensium,
553 4620 620 4668 tom.
642 4615 661 4681 1,
685 4633 711 4684 p.
733 4617 783 4671 350
802 4633 861 4685 sqq.
874 4647 906 4654 —
923 4618 959 4683 (3)
971 4619 1117 4671 Annum're
1136 4620 1168 4671 de
1188 4620 1217 4671 tu
1239 4618 1309 4672 nist.
1328 4622 1431 4688 royule,
