3338 5394
298 364 390 417 aran.
408 364 489 417 ara.
508 365 680 418 nnumin.
699 387 746 397 -
765 367 868 419 cunr.
887 358 935 419 rr¹⁵
949 365 1075 437 erro-n,
1092 364 1216 420 erra-rc.
1299 348 1367 422 321

354 646 501 736 DXLD
535 647 658 736 Gudex
683 649 872 762 signatus
894 667 938 736 n⁰
964 651 1156 741 9320-24.

170 882 312 938 Foliorum
340 885 373 938 68
401 889 499 954 prater
532 885 682 940 insiticium
716 902 803 940 unum
831 886 860 941 in
889 887 977 957 capite
1008 887 1121 952 codicis,
1150 888 1246 943 forrum
1272 889 1370 944 mediae

136 981 245 1048 (0¹²3in
258 990 283 1038 ><
297 984 391 1050 urzi),
403 984 475 1039 binis
495 984 639 1049 columnis,
658 984 738 1040 lineis
758 985 889 1055 graphide
909 986 1005 1051 ductis,
1016 987 1118 1056 duplici
1137 1003 1222 1041 manu
1242 992 1371 1044 exaratus

136 1082 231 1136 seculo
243 1081 290 1135 XV
299 1082 335 1135 ad
343 1083 465 1138 medium
478 1088 616 1154 vergente.
625 1084 708 1138 'l'iluli
720 1100 783 1138 raro
795 1084 925 1139 rubricati
935 1085 1117 1148 sunt31itterae
1127 1087 1247 1155 maiores
1258 1086 1370 1141 alternis

136 1178 244 1233 vicibus
263 1179 348 1232 rubro
368 1180 540 1250 caeruleaque
558 1181 681 1250 depictae,
694 1179 840 1249 aliquoties
856 1180 932 1235 haud
951 1181 1119 1250 ineleganter
1139 1187 1277 1236 exornata
1297 1186 1370 1238 sunt

136 1276 249 1346 Signum
262 1295 319 1332 suae
331 1279 451 1348 originis,
463 1297 524 1349 quae
536 1280 589 1334 luit
599 1278 710 1333 abbatia
727 1279 753 1333 S.
772 1279 911 1334 Laurentii
923 1297 1008 1350 prope
1025 1279 1167 1345 leodium,
1176 1280 1275 1336 retinet
1285 1280 1314 1335 in
1325 1282 1370 1336 his
1420 1300 1427 1308 ·

135 1375 235 1431 litteris
262 1364 291 1436 L
309 1365 338 1437 L
356 1377 493 1446 inscriptis
510 1378 538 1432 in
550 1394 679 1448 suprema
690 1382 767 1448 parte
779 1379 895 1433 adversa
911 1378 970 1433 lolii
983 1378 1100 1434 insiticii.
1117 1379 1149 1433 ln
1166 1379 1260 1435 codice
1270 1384 1369 1449 praeter

137 1475 335 1531 documentum
347 1476 550 1547 hagiologicum
569 1478 603 1531 de
620 1494 674 1547 quo
693 1477 772 1542 inira,
788 1478 962 1546 reperiuntur
980 1495 1062 1547 opera
1079 1478 1197 1533 ascetica
1213 1478 1240 1532 S.
1256 1478 1370 1533 loannis

137 1575 259 1640 Climaci,
272 1576 361 1630 versio
374 1576 460 1630 latina
471 1581 604 1632 tractatus
615 1577 646 1630 B.
658 1561 772 1631 loannis
784 1577 950 1631 Rusbrochii
963 1580 995 1631 de
1008 1579 1169 1645 Virtutibus,
1181 1594 1213 1631 ac
1225 1577 1289 1632 Vita
1296 1577 1369 1632 llen·

137 1673 186 1729 rici
199 1674 266 1729 Adae
279 1675 386 1730 abbatis
398 1676 424 1731 S.
436 1676 585 1740 Laurentii,
598 1677 645 1746 qui
656 1693 730 1731 anno
743 1677 808 1731 1434
820 1677 876 1731 vita
888 1677 998 1730 functus
1010 1682 1059 1731 est.
1069 1677 1185 1746 Insuper
1195 1677 1368 1732 animadver-

137 1776 213 1829 tatur
221 1774 286 1828 huic
296 1774 382 1829 codici
395 1792 412 1828 a
423 1779 598 1844 compectore
607 1775 733 1843 junctum
751 1774 834 1828 fuisse
849 1775 971 1829 codicem
989 1791 1171 1844 papyraceum
1189 1773 1319 1830 foliorum
1329 1775 1368 1840 18,

139 1874 186 1944 qui
198 1875 321 1929 continet
328 1875 483 1929 versionem
493 1874 608 1928 latinam
620 1879 752 1928 tractatus
763 1877 796 1928 de
812 1875 990 1928 Sanctieaimo
999 1875 1180 1928 Euchariatirr
1196 1875 1369 1928 Sacramente

138 1979 251 2028 auctore
263 1975 360 2029 eudem
373 1975 403 2029 B.
412 1975 517 2029 loanne
527 1974 712 2029 Rusbruchio.

235 2172 322 2246 Vita
335 2173 405 2246 sub
421 2172 640 2267 compendio
653 2174 691 2248 S.
702 2172 885 2248 iohannis
897 2173 1061 2268 Clymaci
1074 2173 1221 2247 abbatis
1232 2172 1370 2248 Montis

286 2286 411 2379 Synai,
439 2286 525 2361 dicti
551 2285 782 2375 Scholastici;
801 2287 866 2380 qui
891 2286 1038 2381 scripsit
1063 2288 1134 2360 has
1160 2286 1370 2379 spirituales

285 2402 494 2495 superiores
510 2403 670 2493 tabulas
683 2400 850 2477 videlicet
866 2403 1042 2477 Sanctam
1061 2403 1218 2494 scalam,
1232 2402 1368 2477 editam

286 2540 309 2590 a
328 2517 480 2591 Daniele
496 2517 628 2591 humili
647 2518 834 2592 monachu
851 2518 1006 2611 Raythii
1023 2518 1102 2610 (fol.
1115 2519 1283 2610 49’-50’).

169 2647 232 2702 Vita
251 2646 321 2716 stylo
341 2646 428 2717 inagis
448 2664 531 2718 quam
552 2648 635 2703 rebus
659 2647 767 2702 diversa
787 2648 822 2702 ab
843 2665 876 2703 ca
892 2665 954 2718 quae
975 2648 1050 2703 edita
1070 2648 1160 2703 estin
1181 2650 1240 2703 Act.
1256 2649 1314 2715 SS„
1335 2647 1370 2702 ad

136 2746 162 2800 d.
173 2745 208 2800 30
218 2745 315 2811 Martii,
327 2750 393 2800 tom.
406 2747 453 2806 Ill.
462 2762 488 2815 p.
499 2746 550 2800 834
561 2762 621 2815 sqq.
633 2774 666 2785 -
674 2746 717 2799 Ad
729 2746 775 2800 iln.
786 2746 846 2800 haec
858 2752 924 2801 nota
933 2746 1071 2816 adscripta
1083 2750 1141 2800 est:
1155 2748 1276 2816 Explicit
1293 2747 1370 2813 liber,

136 2849 186 2914 qui
195 2848 299 2900 dicitur
309 2847 450 2900 Joiannee
463 2848 614 2914 aymarus,
627 2863 722 2900 nomen
731 2864 840 2900 sumens
850 2848 884 2900 ub
896 2855 1005 2901 audere
1014 2849 1207 2915 continereque
1216 2852 1299 2901 xxxw
1306 2862 1370 2914 pru·

136 2947 196 2999 dua.
210 2947 283 3013 Quor
295 2949 343 3015 qui
358 2954 475 3001 rectatur
490 2948 577 3013 fuerit
588 2947 638 3000 ibit
654 2948 687 3000 de
698 2948 796 3000 cr'rtute
813 2949 843 2999 in
855 2949 981 3000 virtutem
993 2948 1037 3000 bic
1048 2949 1078 3000 in
1089 2947 1181 3012 terrie,
1193 2947 1371 3015 completoque

135 3045 222 3112 hujus
232 3047 291 3100 vitu
302 3048 425 3113 termino,
438 3062 549 3099 rursum
562 3045 717 3111 elevabitur,
727 3046 815 3099 Deum
827 3047 939 3100 deorum
947 3048 977 3098 in
989 3046 1062 3112 Syon
1068 3046 1230 3099 annaliter
1238 3061 1297 3098 eum
1308 3061 1371 3098 aaa·

135 3145 186 3198 ctir
197 3145 322 3199 omnibus
329 3153 528 3213 conspecturus.
539 3145 594 3210 Qui
602 3145 711 3212 quidem
722 3145 792 3199 iiber
800 3147 919 3214 mriptur
931 3152 969 3198 ert
979 3146 1064 3210 juant
1074 3145 1168 3198 domni
1182 3144 1322 3197 Jolrarrnic
1338 3145 1371 3197 dc

139 3244 225 3298 Yride
240 3246 366 3298 monachi
382 3246 542 3298 monasterii
557 3246 647 3297 eundi
663 3244 811 3298 Laurentii
827 3251 906 3298 extra
922 3260 1016 3297 murac
1033 3244 1195 3298 Leodienceu
1204 3259 1255 3311 per
1271 3259 1370 3295 manua

134 3343 232 3397 Jacobs·
258 3345 323 3397 Uien
345 3343 509 3398 Hermanno
530 3344 645 3397 Domini
673 3342 958 3409 Mococmxxrfflr,
978 3345 1008 3395 ia
1032 3321 1154 3412 profecto
1182 3342 1210 3396 S.
1229 3341 1369 3396 iohannis

136 3442 267 3512 Baptista
275 3445 364 3497 media
372 3451 468 3498 tuate.
478 3444 534 3497 Deo
541 3445 658 3510 prutina

346 3925 513 4014 cxnvl.
540 3924 665 4014 (lodex
690 3927 879 4037 signatus
904 3944 948 4012 n⁰
974 3924 1153 4014 933246.

167 4165 308 4220 Foliorum
329 4166 385 4228 175,
407 4181 526 4234 quorum
553 4166 607 4220 duo
629 4164 726 4219 ultima
749 4163 833 4232 signis
857 4161 1005 4217 numericis
1025 4167 1126 4225 carent,
1149 4159 1245 4214 lormae
1270 4160 1368 4214 mediae

135 4262 225 4329 (0⁰35
233 4269 257 4320 Χ
264 4262 359 4329 0334),
371 4261 444 4316 binis
455 4261 599 4326 columnis,
606 4261 687 4315 lineis
696 4260 835 4330 graphide,
844 4251 933 4314 ductis
941 4275 1015 4313 anno
1025 4257 1135 4312 Domini
1145 4257 1209 4311 1428
1217 4273 1234 4310 a
1242 4256 1369 4311 iohanne

134 4362 169 4416 de
186 4361 305 4416 Stabulis
317 4361 354 4428 (1)
372 4365 508 4415 exaratus.
528 4360 612 4415 Tituli
630 4359 761 4415 rubricati
781 4363 854 4424 sunt,
873 4358 970 4413 litterae
990 4359 1110 4426 majores
1127 4355 1240 4410 alternis
1262 4355 1369 4410 vicibus

166 4559 203 4624 (1)
214 4557 272 4613 rot.
284 4559 313 4612 1v
324 4562 449 4612 extremo
457 4556 556 4612 litteris
568 4555 711 4611 rubricatis
720 4554 821 4624 scripta
837 4559 902 4608 sunt
913 4553 1072 4623 sequentia:
1090 4555 1171 4606 Anno
1188 4553 1221 4607 ab
1238 4555 1368 4605 incurru-

132 4642 204 4695 tiunc
222 4642 336 4695 Domini
362 4650 575 4695 rrccccxxrmo
597 4640 713 4694 Nonnur
729 4639 869 4692 Johannec
884 4639 917 4690 de
932 4637 1060 4701 Stabulis,
1072 4637 1184 4689 coenobii
1194 4637 1282 4688 suuni
1293 4635 1369 4688 Lau·

132 4725 217 4778 rentii
232 4724 320 4790 juata
340 4724 472 4778 Leodium
492 4725 609 4778 eucrim
632 4730 656 4776 et
674 4721 830 4787 monachus,
842 4722 879 4774 ud
899 4721 952 4774 Dei
970 4726 1118 4787 rumtoeque
1136 4719 1233 4771 Maria
1252 4718 1369 4785 virpinie

232 4837 326 4877 curri.
344 4837 427 4877 rnux.
444 4837 470 4876 r.
486 4837 516 4877 ι.
1237 4815 1269 4868 ²1
