3270 5400
318 347 410 400 arar..
427 348 510 400 aaa.
527 346 704 400 ananam„
723 368 769 378 -
788 347 937 399 arrasa.
956 347 1002 398 sn
1019 348 1101 401 coa.
1119 343 1156 400 ru
1172 345 1296 403 assa-ss.
1375 330 1422 403 67

237 538 371 593 luterbaec
388 539 484 593 omnia
501 544 557 593 tarn
575 539 645 592 dura
662 542 690 593 et
706 537 808 607 gravia,
825 553 887 606 quae
904 537 962 591 siro
979 553 1029 608 per
1049 554 1169 607 paganos
1185 539 1321 609 principes
1334 557 1423 609 perse-

214 644 312 707 quentes
326 638 383 692 sire
395 653 444 706 per
454 637 600 692 haereticos
616 636 783 691 insanientes
795 636 869 690 intus
880 636 1001 705 forisque
1013 637 1145 691 adversus
1162 637 1262 692 Christi
1274 639 1423 695 Ecclesiam

216 736 323 791 diabolus
339 739 515 799 excitaverat,
535 753 599 791 curn
616 736 662 789 rix
682 736 773 789 adhuc
785 734 911 788 Decianae
923 735 1120 804 persecutionis
1131 736 1250 805 procella
1261 744 1387 803 cessaret,
1396 746 1424 794 et

218 834 337 891 Volusiani
356 837 414 905 jam
436 837 567 891 atrocitas
579 836 724 890 desaeviret
734 840 763 889 et
777 834 911 889 Valeriani
924 835 1018 888 rabida
1031 835 1179 889 crudelitas
1194 835 1358 899 immineret,
1369 836 1424 906 glo·

199 934 291 989 trioms
307 937 427 1004 pontifex
449 934 593 990 Cornelius
612 935 683 989 iuter
702 940 745 988 tot
764 934 887 988 turbines
907 939 935 987 et
953 939 1129 1002 tempestates
1141 934 1296 989 naviculam
1314 936 1425 991 Domini

224 1034 348 1103 intrepidus
373 1035 552 1104 anbemabat,
579 1034 678 1089 sedens
701 1034 799 1087 Rornae
823 1033 875 1086 sub
901 1031 998 1102 gladiis
1022 1038 1227 1101 persecutorum
1251 1039 1279 1087 et
1307 1051 1425 1104 sequeus
1456 1044 1462 1056 ·

226 1132 336 1187 (hristum
348 1134 483 1188 dicentem
498 1135 585 1189 :Ecca
595 1151 641 1202 epo
658 1137 734 1188 mitto
751 1151 796 1188 ros
812 1137 883 1188 siccet
899 1151 958 1187 oacs
969 1136 1003 1205 lia
1022 1135 1108 1187 inedia
1120 1136 1254 1200 luporum,
1267 1135 1350 1188 rebus
1367 1134 1425 1190 fere

229 1231 277 1299 ipsis
293 1237 316 1285 et
331 1232 468 1300 patientiae
488 1231 589 1285 virtute
610 1248 671 1285 cunr
690 1231 815 1301 apostolo
833 1231 956 1284 clamans
972 1250 978 1284 :
997 1232 1109 1284 Nullam
1126 1235 1246 1300 requiem
1256 1235 1350 1288 trabuit
1360 1253 1425 1292 caro

231 1332 355 1395 mamad
365 1347 466 1383 ornnem
479 1331 680 1385 tribulationem
690 1333 775 1398 passi,
783 1332 967 1397 forispapna,
980 1332 1054 1384 intas
1064 1332 1182 1384 timores.
1194 1332 1228 1385 Et
1237 1332 1334 1393 iterum
1346 1353 1352 1387 :
1365 1336 1427 1389 Noa

198 1432 221 1481 tt
233 1436 279 1481 tart
291 1430 414 1495 condipna
427 1432 569 1497 passiones
585 1430 670 1496 hujus
688 1432 818 1497 temporis
836 1431 874 1482 ad
888 1431 1013 1495 futuram
1030 1431 1148 1496 ploriam
1160 1447 1217 1498 qua
1229 1434 1389 1487 revelabitur
1399 1437 1428 1487 ia

234 1528 295 1581 aclis.
304 1527 487 1596 Apprehensus
505 1529 599 1596 itaque
611 1544 629 1581 a
637 1528 867 1596 persecutoribus,
877 1527 952 1581 omni
961 1543 991 1581 se
1000 1527 1121 1581 fidelium
1132 1529 1232 1598 populo
1245 1536 1429 1599 prosequente

234 1630 256 1677 et
266 1624 329 1679 sind
343 1626 411 1680 mori
422 1626 559 1694 cupiente,
568 1626 707 1680 Christum
721 1626 839 1695 gloriose
849 1626 991 1680 confessus
1001 1626 1196 1682 Centumcellis
1208 1628 1289 1682 exilio
1302 1630 1428 1695 truditur,
1496 1683 1499 1689 .

235 1722 297 1777 llecio
309 1722 419 1791 jubente.
435 1724 546 1793 Quique
563 1741 624 1778 curn
638 1730 711 1778 esset
723 1726 751 1779 in
763 1725 853 1787 exilio,
863 1741 919 1779 non
931 1725 1057 1779 cessabat
1065 1726 1212 1795 praedicare
1225 1728 1315 1781 verbis
1326 1734 1352 1782 el
1365 1729 1429 1783 scri·

234 1823 276 1889 ptis
287 1838 370 1876 nornen
387 1822 497 1877 Douriai
516 1823 580 1876 lesu
599 1823 709 1877 Christi.
727 1823 822 1893 ltaque
834 1823 901 1876 inibi
915 1823 993 1877 multi
1006 1824 1220 1879 christianorum
1233 1827 1382 1881 veniebant
1393 1831 1429 1883 ad

199 1922 224 1970 tt
236 1924 312 1973 cunct
320 1922 504 1975 confortabant
513 1921 638 1975 animum
648 1923 708 1991 ejus
717 1921 746 1975 in
758 1922 886 1975 Domino.
896 1922 1023 1976 allicere
1033 1924 1068 1976 ad
1079 1940 1142 1978 eum
1155 1924 1256 1993 scripta
1268 1925 1429 1994 dirigebant,

236 2033 278 2084 quo
289 2018 411 2074 doloribus
423 2036 479 2075 non
491 2022 609 2081 cederet,
620 2021 668 2074 sed
687 2020 867 2074 immutabilis
880 2021 908 2075 in
921 2022 1039 2075 ltomino
1051 2028 1246 2090 perseveraret.
1259 2024 1431 2095 Quapropter

236 2114 467 2188 beatusCyprianus,
483 2118 548 2173 fidei
566 2120 625 2188 ejus
643 2124 670 2173 et
688 2119 869 2173 confessionis
886 2119 983 2174 nuntio
1001 2127 1123 2191 accepto,
1135 2138 1197 2176 curn
1213 2129 1286 2177 esset
1298 2124 1325 2178 iu
1338 2126 1430 2195 Libyae

237 2212 332 2279 partibus
347 2218 516 2281 constitutus,
536 2218 717 2271 vehementer
733 2218 903 2271 exhilaratus
923 2234 985 2272 curn
1007 2218 1083 2272 omni
1103 2219 1224 2273 Ecclesia
1242 2226 1269 2274 et
1280 2222 1390 2290 gavisus
1403 2224 1430 2277 in

237 2308 334 2381 hauho,
351 2316 455 2386 scripsit
475 2317 511 2370 ad
535 2333 598 2370 eum
623 2317 658 2370 de
678 2315 803 2370 Celerina
824 2315 926 2370 lectore
943 2316 992 2384 qui
1009 2317 1157 2385 permulta
1169 2323 1308 2373 tamrenta
1327 2327 1431 2391 martyr

198 2411 225 2461 tt
238 2406 320 2465 bonini
336 2414 464 2483 gloriosus
484 2420 549 2468 ante
566 2431 663 2468 eorum
681 2414 776 2468 oculos
797 2413 891 2487 fuisset
913 2416 1034 2478 effectus,
1051 2420 1088 2473 ut.
1109 2415 1161 2469 ista
1173 2417 1283 2486 aliaque
1305 2421 1431 2490 exempla

237 2522 279 2573 pta
291 2514 360 2569 oculis
369 2516 483 2581 babens,
496 2515 597 2570 mentis
615 2515 741 2568 obtutum
760 2531 777 2567 a
794 2520 889 2569 sancto
903 2515 1012 2584 incepto
1024 2531 1080 2569 non
1092 2517 1257 2572 deflecteret.

261 2608 553 2687 Gmtulallonesquoque
563 2624 590 2672 el
602 2618 698 2671 laudes
707 2617 831 2685 ejusdem
845 2617 932 2669 sancti
945 2617 1073 2686 Cypriani
1088 2618 1226 2672 habentur
1238 2621 1310 2688 apud
1328 2637 1380 2674 nos
1393 2621 1430 2674 ita

237 2706 264 2759 ad
278 2713 396 2771 artesiam
416 2717 579 2786 conscripta
597 2736 604 2770 ε
623 2718 635 2741 ⁸
655 2716 841 2785 Cognorimus
854 2716 890 2782 (ll
955 2723 1043 2769 cesset
1061 2717 1184 2783 oratio,
1204 2719 1241 2772 At
1260 2719 1308 2772 ubi
1330 2720 1430 2774 divinae

236 2804 488 2875 dannationtsnutu
508 2821 616 2884 tempus
633 2815 713 2868 alluit
730 2819 760 2867 ut
777 2819 839 2883 post
856 2813 959 2868 invicta
976 2814 1040 2868 frrlei
1057 2820 1086 2868 et
1102 2816 1259 2884 passionum
1279 2820 1431 2874 certamina

199 2908 224 2957 ἦ
236 2917 273 2969 lif
286 2915 387 2983 urnyrii
404 2914 705 2984 gloriamperciperent
716 2930 732 2966 a
742 2915 799 2968 Deo
812 2914 1028 2969 immortalitatis
1040 2932 1164 2981 coronas,
1177 2917 1211 2970 ad
1225 2934 1305 2971 aures
1318 2918 1430 2987 iniquis-

236 2999 283 3057 riai
295 3006 355 3067 Decii
370 3014 505 3083 perlatum
525 3019 567 3067 est
583 3013 702 3081 qualiter
719 3028 748 3066 se
766 3013 882 3067 invicem
903 3013 1004 3067 milites
1023 3014 1123 3070 Christi
1141 3016 1360 3071 cohortarentur.
1377 3016 1430 3085 Qui

234 3098 509 3181 inaltabipraesentari
568 3114 615 3179 (Ee
634 3117 704 3181 styla
720 3115 833 3167 subinde
854 3117 993 3168 immutato
1013 3118 1135 3182 refertar
1154 3119 1250 3171 Passio
1267 3121 1339 3172 edita
1356 3124 1432 3187 aprtd

236 3200 377 3277 Sclrlstraeta
388 3212 547 3282 Antiquitas
558 3212 685 3267 Ecclesiae
699 3212 937 3266 dissertationibus
949 3213 1092 3277 illustrata,
1103 3223 1163 3269 torri.
1177 3217 1199 3281 I,
1207 3234 1236 3285 p.
1248 3220 1297 3270 188
1307 3218 1375 3286 sqq.)

311 3525 342 3571 nr
361 3529 386 3573 s.
408 3529 556 3574 asunrrro
577 3530 617 3574 ar
638 3530 732 3575 socns
754 3530 848 3575 nitar.
871 3510 949 3594 (Cir.
972 3530 1081 3592 supra,
1102 3532 1176 3594 pag.
1199 3513 1248 3590 tit),
1271 3513 1329 3591 7⁰.)

197 3708 221 3760 ³⁰
257 3710 303 3769 aa
321 3741 388 3778 nram
408 3740 436 3777 rr
454 3727 547 3793 papii
565 3726 642 3777 cod:
659 3723 695 3776 At
713 3738 778 3776 roro
797 3723 834 3789 (it
894 3723 1027 3776 ludificata
1045 3722 1155 3776 reclinis
1173 3740 1233 3776 esse
1250 3723 1430 3790 cognoscitur.

232 3802 301 3878 leque
309 3822 373 3876 eninr
385 3823 439 3877 hoc
449 3823 633 3877 omittendum
643 3820 680 3888 (3)
729 3822 944 3889 frequentamus.
954 3821 1026 3888 Quid
1035 3822 1160 3876 miraculi
1171 3824 1207 3885 (lt
1256 3821 1430 3875 circumtulit.

233 3901 428 3990 liulierquaedam
438 3921 526 3976 fllium
536 3936 618 3975 suurn
627 3918 739 3975 unicum
752 3921 786 3973 ad
799 3921 853 3974 hoc
864 3921 1064 3974 monasterium
1082 3922 1229 3981 adducens
1242 3921 1335 3973 abbati
1349 3921 1431 3974 tradi·

231 4002 260 4059 dil
268 4019 435 4086 erudiendum,
444 4020 573 4075 videlicet
589 4026 628 4085 ut,
641 4020 730 4073 factus
741 4019 864 4084 clericus
876 4021 977 4073 sanctis
989 4020 1195 4088 manciparetur
1205 4020 1310 4074 officiis
1321 4020 1430 4084 Vanam,

230 4117 277 4163 ⁰¹¹¹ss
287 4115 334 4182 jam
350 4120 537 4191 spiritualibus
549 4119 672 4173 eruditus
689 4126 761 4173 esset
773 4120 801 4172 in
813 4120 911 4173 litteris
929 4124 957 4172 et
974 4135 1036 4172 curn
1051 4118 1164 4187 reliquls
1182 4119 1287 4172 clericis
1305 4119 1332 4172 in
1345 4119 1430 4173 choro

194 4200 352 4273 Etruriamn
364 4220 501 4289 psalleret,
512 4218 623 4273 modica
639 4219 763 4287 pulsatus
781 4222 856 4272 febro
873 4218 997 4288 spiritum
1017 4218 1166 4272 exhalarit
1184 4219 1273 4272 Currit
1290 4224 1379 4273 mater
1396 4220 1430 4272 acl

231 4301 360 4381 ⁰l³tquiunr
378 4317 499 4379 funeris;
516 4316 620 4379 orbata,
639 4317 770 4386 plangens
779 4323 807 4370 et
818 4321 959 4370 maternos
978 4316 1147 4384 profundens
1163 4317 1288 4385 pemitus,
1307 4317 1432 4386 sepelivit

228 4400 299 4466 fillum.
312 4416 437 4471 Attamen
456 4432 512 4471 uon
524 4416 664 4470 sufficiunt
678 4416 723 4470 hae
740 4416 860 4469 lacrimae
872 4413 974 4469 doloris
991 4431 1053 4482 quaa
1066 4415 1094 4468 in
1112 4416 1236 4484 exequiis
1248 4418 1341 4469 effusae
1354 4421 1431 4477 sunt:

250 4621 278 4688 lll
286 4626 345 4685 Fere
352 4636 411 4686 tota
424 4630 544 4701 epistola
555 4631 664 4693 citatur,
675 4647 737 4699 quae
749 4634 839 4684 exstat
851 4630 925 4683 edita
937 4631 1010 4700 apud
1019 4630 1118 4700 iligna,
1127 4634 1194 4685 tom.
1207 4630 1259 4694 cit,
1277 4648 1303 4700 p.
1312 4631 1432 4684 aaa-838.

226 4730 250 4741 ·
258 4706 365 4781 lillbid,
375 4730 452 4769 aum.
462 4731 499 4769 xr.
511 4742 538 4753 -
549 4714 587 4781 (3)
596 4713 677 4768 Num.
687 4729 713 4766 x.
722 4740 755 4753 -
763 4713 801 4780 (l)
810 4712 891 4768 Num.
900 4729 937 4768 xr.
