3270 5400
211 271 284 343 aaa
549 291 676 344 caran.
702 290 806 343 cono.
831 289 1110 342 naaionnaeurc.

212 482 277 551 quia
295 481 322 535 in
340 480 441 535 talibus
458 481 581 535 humana
597 497 654 535 non
672 481 847 544 subveniunt,
866 479 960 534 diviua
979 479 1081 533 auxilia
1099 485 1238 549 expetunt.
1255 482 1399 537 Accedunt
1413 485 1448 538 ad

212 580 324 637 clerum.
341 584 372 633 ut
390 578 492 633 infirmi
512 580 547 632 ad
566 579 713 641 medicum,
725 579 846 648 quidque
866 596 922 632 suae
941 578 1023 632 saluti
1042 595 1111 647 opus
1129 578 1171 642 sit,
1184 580 1278 634 afflicti
1296 583 1448 649 requirunt

212 680 371 747 Respondet
383 679 472 732 clerus
488 679 517 732 in
534 678 579 732 his
596 679 717 732 maxime
728 678 819 731 valere
835 677 970 746 Jejunium
985 682 1013 731 et
1021 694 1069 732 cor
1081 679 1238 743 contritum,
1248 683 1276 733 et
1287 681 1449 748 poenitentia

213 794 326 847 operum
345 777 455 832 Domini
469 783 597 845 expetere
614 777 797 835 clementiam.
810 781 838 830 et
856 777 1038 845 eleemosynis
1054 782 1165 846 peccata
1184 779 1328 842 redimere,
1341 786 1449 834 sancto·

213 893 330 945 rumque
342 877 441 930 merita
451 877 560 930 assidue
578 877 658 930 bonis
670 876 799 944 operibus
817 875 971 945 impetrare,
982 881 1010 929 et
1027 875 1065 929 sic
1078 877 1112 929 de
1124 878 1314 931 misericordia
1327 879 1376 932 Dei
1389 896 1448 948 spe-
1467 893 1483 941 s

212 993 284 1039 rare;
297 981 325 1029 et
337 976 401 1045 quia
413 976 534 1030 maxirne
551 977 609 1030 lues
623 976 682 1044 ipsa
698 992 794 1029 mense
811 976 890 1045 aprili
907 976 1036 1039 instabat,
1048 992 1104 1044 quo
1125 993 1220 1030 mense
1239 977 1342 1031 letania
1360 980 1450 1048 major

213 1076 311 1143 agitur,
323 1091 379 1142 quo
392 1075 436 1128 dic
447 1076 545 1128 beatus
556 1075 702 1144 Gregorius
714 1074 846 1143 populum
859 1075 1017 1128 Romanum
1035 1075 1071 1127 ab
1085 1075 1144 1143 ipsa
1155 1080 1231 1144 peste
1243 1077 1372 1145 precibus
1383 1078 1450 1131 libe-

213 1179 328 1235 raverat,
340 1174 433 1227 incidit
445 1175 520 1227 cordi
532 1179 562 1227 ut
579 1191 613 1227 eo
626 1175 669 1226 die
681 1190 730 1242 pro
748 1174 831 1229 simili
843 1178 920 1243 poste
937 1175 1048 1227 beatum
1062 1173 1222 1243 Gregorium
1237 1176 1346 1229 adirent
1357 1182 1384 1229 et
1402 1194 1451 1245 per

214 1288 277 1326 eum
292 1274 400 1327 Domini
410 1274 627 1327 nrisericordianr
641 1272 825 1342 implorarent.
838 1272 917 1339 Quod
930 1273 1059 1326 omnibus
1071 1273 1099 1325 in
1111 1289 1259 1327 commuue
1272 1275 1384 1342 placuit.

257 1371 313 1430 16.
333 1373 414 1427 Mittit
433 1374 515 1442 igitur
531 1372 675 1441 episcopus
692 1376 720 1424 et
737 1371 825 1424 clerus
844 1372 993 1425 nobiliores
1013 1376 1041 1425 et
1058 1372 1215 1426 devotiores
1233 1373 1297 1426 cleri
1316 1374 1352 1427 ad
1369 1391 1450 1428 ceno·
1468 1388 1495 1437 ro

155 1462 159 1467 ’
214 1472 289 1525 biurn
304 1472 374 1524 boati
388 1470 516 1532 bladardi,
529 1468 573 1523 cui
584 1473 700 1538 praeerat
712 1468 753 1521 rir
764 1484 847 1536 sagax
857 1474 885 1521 et
894 1469 1024 1537 providus
1037 1473 1063 1521 et
1074 1470 1130 1521 lere
1143 1469 1210 1522 nulli
1223 1469 1452 1538 adaequandusiu

214 1573 266 1624 hoc
279 1576 402 1638 tempore
415 1569 552 1638 religione,
565 1568 743 1629 liberalitate,
756 1568 803 1635 qui
813 1584 910 1620 omnes
922 1568 963 1620 sui
976 1568 1087 1621 habitus
1100 1569 1186 1636 gratia
1199 1569 1306 1622 collata
1318 1570 1451 1625 divinitus

214 1669 353 1724 industriae
363 1669 522 1730 excellebat,
531 1667 577 1736 qui
587 1667 734 1721 Gaulridus
747 1668 784 1733 (l)
797 1668 948 1730 dicebatur,
961 1672 1057 1734 postea
1076 1667 1285 1721 catalaunensis
1297 1669 1452 1739 episcopus.

214 1769 361 1823 Venientes
371 1769 459 1837 igitur,
473 1768 633 1836 petitionem
651 1767 724 1829 cleri,
737 1766 905 1820 attritionem
923 1766 1019 1834 populi
1031 1766 1158 1820 flebiliter
1170 1768 1264 1820 abbati
1275 1768 1451 1837 depromunt,

213 1875 240 1922 et
252 1873 282 1921 ut
293 1868 404 1921 beatum
423 1867 583 1935 Gregorium
597 1866 725 1934 praedicto
744 1865 788 1918 die
806 1865 840 1918 ad
860 1865 957 1918 urbem
978 1871 1006 1919 et
1025 1882 1073 1934 per
1091 1867 1188 1920 urbem
1209 1868 1243 1919 ad
1263 1868 1452 1936 repellendam
1468 1882 1495 1931 tn

213 1971 317 2036 pestem
335 1966 467 2029 delerant,
484 1965 550 2018 satis
567 1965 710 2018 humiliter
723 1964 864 2027 insistunt;
878 1965 952 2032 quod
964 1964 1095 2018 iratribus
1107 1965 1206 2029 retulit,
1219 1967 1408 2034 omnibusque
1424 1968 1452 2022 id

213 2065 272 2119 lieri
289 2066 397 2135 placuit.
409 2066 598 2129 Revertentes
610 2081 676 2117 vero
688 2064 797 2117 abbatis
806 2069 833 2117 et
845 2063 960 2117 fratrum
979 2064 1055 2131 pium
1072 2066 1202 2118 allectum
1223 2065 1249 2118 iu
1269 2066 1296 2118 id
1313 2067 1452 2134 agendum

214 2165 335 2234 pontilici
348 2171 375 2218 et
392 2165 464 2218 clero
483 2166 612 2218 referunt.
624 2164 690 2217 lude
702 2180 751 2232 per
768 2164 887 2216 decanos
905 2163 1026 2216 ecclesiae
1044 2164 1175 2233 populum
1190 2165 1316 2217 omniurn
1329 2166 1452 2220 ecclesia

214 2265 415 2333 parrochiarum
429 2263 556 2333 praedicto
566 2263 610 2316 die
622 2263 718 2315 adesse
729 2267 915 2323 commonent,
928 2267 959 2314 ut
971 2261 1096 2330 precibus
1108 2266 1136 2314 et
1147 2262 1260 2330 jejuniis
1271 2279 1322 2316 seu
1334 2263 1453 2317 eleemo-

213 2364 288 2432 synis
299 2363 426 2416 insistant
437 2363 589 2425 hortantur,
600 2378 634 2415 ne
643 2362 734 2415 simile
743 2361 891 2430 aliquando
901 2362 1046 2429 patiantur.
1063 2361 1195 2415 Praedicto
1209 2361 1291 2430 igitur
1300 2362 1345 2415 die
1355 2379 1452 2417 omnes
1467 2375 1495 2425 ιο

214 2465 249 2516 ad
261 2463 404 2516 ecclesiam
417 2462 593 2527 conveniunt,
603 2462 731 2529 cleroque
740 2466 879 2530 praeeunte
891 2478 954 2514 curn
967 2465 1124 2514 sanctorum
1140 2460 1298 2529 pigneribus
1310 2463 1345 2516 ad
1359 2463 1450 2517 locum

212 2563 269 2630 jam
280 2563 383 2616 dictum
394 2561 572 2624 conveniunt;
583 2561 681 2614 iratres
693 2566 785 2614 autem
799 2561 912 2614 beatum
924 2560 1084 2629 Gregorium
1097 2576 1113 2612 a
1131 2560 1192 2614 loco
1210 2578 1267 2614 sure
1281 2563 1451 2629 pausationis

214 2679 276 2715 cum
290 2662 409 2730 singultu
419 2661 508 2714 cordis
518 2662 658 2730 deponunt
670 2660 804 2729 altarique
820 2661 907 2713 beatae
920 2659 1010 2713 llarire
1029 2659 1186 2727 imponitur,
1199 2659 1348 2729 locatoque
1365 2668 1451 2731 gesta·

215 2760 285 2814 torio
298 2765 449 2830 coaptatur.
459 2763 481 2814 A
492 2761 563 2814 clero
575 2747 853 2829 itaqueresponsorio
869 2760 960 2812 “Vere
973 2758 1080 2812 felicem
1093 2800 1103 2824 ,
1115 2776 1178 2812 curn
1192 2759 1342 2814 collatione
1354 2763 1452 2815 decan·

215 2863 280 2922 tato,
293 2860 390 2913 iratres
402 2860 455 2913 loci
467 2876 566 2928 corpus
576 2859 712 2927 pontilicis
725 2859 847 2913 bumeris
857 2860 1017 2927 imponunt;
1038 2859 1084 2911 sed
1098 2859 1189 2912 statim
1208 2878 1225 2912 a
1243 2859 1317 2913 clero
1335 2866 1365 2914 et
1376 2861 1451 2915 nobi·
1466 2870 1495 2918 aa

215 2958 329 3013 lioribus
346 2959 439 3028 populi
456 2976 519 3012 cum
537 2958 640 3028 gemitu
658 2964 685 3011 et
702 2959 792 3027 rugitu
810 2958 900 3011 cordis
919 2958 1060 3027 excipitur.
1073 2958 1153 3011 Plebs
1170 2975 1236 3012 vero
1255 2960 1451 3030 undecumque

215 3058 329 3112 collecta
341 3064 425 3121 tanta,
438 3064 495 3112 tam
513 3058 620 3112 infinita
631 3058 808 3121 confluxerat,
820 3064 851 3111 ut
863 3058 930 3111 nulli
947 3058 1045 3127 pedem
1059 3074 1171 3110 morere
1188 3074 1204 3110 a
1217 3057 1278 3112 loco
1292 3076 1348 3128 quo
1361 3062 1451 3114 stabat

215 3158 395 3221 lice1·ot,etni
408 3159 710 3228 anteriorpraecederet,
723 3158 893 3226 subsequens
903 3157 982 3226 quasi
995 3156 1065 3210 linus
1078 3162 1211 3211 maneret

259 3257 315 3313 17.
340 3257 370 3309 ln
380 3256 433 3309 buc
443 3261 520 3309 tanto
533 3256 690 3325 spectaculo
700 3255 778 3323 cujus
790 3272 838 3308 cur
849 3272 905 3309 non
917 3261 1147 3324 compungeretur
1159 3262 1186 3309 et
1198 3257 1233 3310 ad
1246 3257 1379 3327 pietatem
1396 3275 1449 3314 non

215 3359 377 3419 flecteretur,
389 3373 451 3408 cum
465 3356 570 3408 nobiles
582 3355 742 3412 mediocres.
755 3354 855 3407 milites
866 3354 961 3423 vulgus
971 3355 1160 3424 promiscuum
1174 3355 1281 3410 uideres
1290 3358 1449 3428 nudispedi·
1464 3360 1495 3413 aa

216 3457 267 3510 bus
279 3456 444 3519 incedentes
455 3455 568 3508 humida
581 3454 658 3519 facie,
668 3454 794 3523 expansis
806 3454 942 3517 manibus
955 3458 1080 3508 sanctum
1095 3454 1255 3524 Gregoriunr
1269 3456 1450 3511 invocantes?

216 3556 358 3609 Praeeunte
376 3571 441 3608 vero
454 3556 536 3607 beato
549 3554 687 3623 Gregorio,
705 3553 881 3622 subsequitur
892 3553 988 3617 clerus,
1001 3554 1099 3608 deinde
1118 3555 1320 3609 monachorum
1333 3563 1449 3621 caterua,

118 3678 121 3685 ·
217 3657 279 3721 post
292 3652 418 3705 universa
428 3651 505 3721 plebs
517 3651 666 3720 promiscui
678 3667 759 3704 sexus
772 3655 798 3703 et
810 3650 910 3713 oetatis;
921 3650 1020 3704 deinde
1032 3654 1114 3720 ponte
1127 3650 1247 3704 fluminis
1259 3652 1367 3706 Axonae
1379 3657 1450 3707 trau·

217 3751 278 3814 sito,
296 3752 373 3805 adest
384 3750 636 3805 sanctimonialium
648 3750 774 3818 religiosa
784 3749 889 3815 concio,
907 3750 1113 3819 honorificeque
1125 3750 1161 3803 ab
1173 3749 1213 3803 eis
1230 3750 1258 3803 iu
1275 3752 1365 3819 jubilo
1378 3753 1449 3807 rocis

218 3848 357 3902 invehitur
370 3849 396 3901 in
406 3848 562 3901 caenobium
575 3853 676 3900 sanctae
685 3847 774 3899 Maria
785 3846 880 3899 matris
890 3846 1010 3912 Domini,
1021 3846 1115 3916 ibique
1127 3846 1295 3916 imprecatur
1306 3849 1452 3903 clementia
1465 3855 1495 3907 Ξ

218 3949 322 4010 matris,
335 3952 364 4001 ut
376 3948 420 4015 pia
432 3953 521 4001 mater
530 3946 645 4016 piissimi
655 3946 750 3999 famuli
763 3946 804 3999 sui
818 3945 939 4014 Gregorii
952 3946 1058 4000 meritis
1070 3949 1096 3999 et
1109 3945 1235 4015 precibus
1248 3963 1346 4015 preces
1357 3948 1449 4003 fundat

218 4064 266 4116 pro
279 4048 380 4117 populo
393 4048 420 4100 in
432 4052 581 4116 conspectu
593 4047 630 4115 pii
642 4046 702 4098 Filii
714 4048 764 4099 sui.
784 4047 849 4099 lndc
862 4046 1003 4108 deductus,
1016 4046 1051 4099 ad
1064 4045 1207 4099 ecclesiam
1220 4053 1376 4116 martyrum
1387 4048 1451 4103 Ger·

219 4147 285 4199 rmii
295 4153 320 4199 et
333 4147 450 4201 Protesii
459 4147 653 4214 perducituret
664 4151 727 4199 anto
739 4152 892 4214 martyrum
902 4147 915 4176 *
924 4145 1075 4200 honorilice
1088 4145 1242 4214 deponitur.
1254 4146 1356 4202 Postea
1367 4148 1451 4203 missa

218 4247 245 4300 in
257 4247 363 4300 honore
376 4247 459 4315 ipsius
477 4245 613 4316 pontificis
626 4246 788 4299 inchoatur:
804 4248 814 4270 ⁸
828 4246 928 4299 Statuit
947 4245 972 4299 ei
985 4245 1126 4300 Dominus.
1138 4286 1149 4309 ,
1168 4244 1296 4299 Procedit
1314 4248 1351 4301 ad
1368 4248 1451 4301 altare

216 4347 360 4416 episcopus
378 4347 482 4400 festivis
495 4347 617 4399 restibus
630 4346 787 4410 decoratus;
800 4346 870 4400 lecto
884 4345 1035 4415 evangelio,
1045 4346 1124 4412 jussu
1137 4344 1257 4415 episcopi
1268 4346 1453 4403 abbassaueti
1467 4348 1495 4404 u

249 4576 286 4643 (1)
298 4577 396 4727 S)odem
410 4577 638 4631 catalaunensem
658 4578 747 4631 tenuit
763 4578 798 4630 ab
811 4594 884 4631 anno
905 4579 966 4632 1131
980 4579 1015 4632 ad
1028 4595 1130 4634 annum
1151 4580 1215 4633 1142
1227 4579 1334 4648 (Gaius,
1345 4600 1390 4653 op.
1401 4583 1452 4648 cit..

215 4677 240 4730 p.
257 4661 325 4713 b‘tt.
