3270 5400
133 399 137 406 ,
166 347 258 400 msa.
276 346 357 400 aas.
376 346 547 399 sauram..
567 369 614 378 -
632 347 779 401 urrann.
798 351 845 403 sn
862 353 941 405 con.
960 353 993 405 n.
1008 355 1125 409 emm..
1139 355 1198 410 ata.
1224 338 1294 413 451

66 537 129 588 dom
147 537 255 590 sceleris
272 539 424 592 recorderis
430 557 442 603 ,·
452 539 519 606 quio
530 540 560 591 in
571 540 620 592 leoc
631 556 690 593 rere
707 541 840 594 Dominus
858 542 908 594 tibi
915 545 981 609 pius
993 550 1017 596 et
1025 545 1157 611 beneficus
1167 545 1190 580 ¹¹
1201 549 1298 613 estitit,

66 636 115 702 qui
121 643 185 703 post
192 638 263 688 tanti
269 638 370 703 flopitii
378 638 570 691 abominabiles
579 654 646 691 usus
655 646 679 692 et
690 641 740 693 tibi
748 647 772 693 et
780 642 849 692 oniti
858 640 882 674 11
892 644 1049 708 penitentis
1059 650 1163 713 tempus
1175 647 1297 701 indselsit.

65 732 202 788 Tentabat
212 735 235 769 11
246 739 324 804 pater
335 735 364 789 in
376 751 423 790 ore
435 734 571 805 loquentis
583 736 646 790 filiae
658 738 742 791 rerba
754 739 900 808 praecidere
918 744 994 794 ratus
1011 746 1148 796 astantem
1165 760 1296 813 generum

63 834 157 885 reatus
168 831 251 898 hujus
260 831 285 866 11
298 833 444 886 materiam
455 833 589 901 ignorare.
601 832 637 885 At
650 833 711 888 illa:
725 837 785 889 Non
797 845 842 900 est,
855 836 943 905 inquit
955 837 986 900 11,
994 819 1087 906 posuer,¹
1095 857 1146 893 cur
1157 843 1187 894 in
1198 859 1296 898 sermo·

32 936 47 986 5
63 931 144 984 nitus
162 934 225 985 istis
240 932 323 998 liujus
332 931 356 966 ¹¹
372 950 516 987 vereamur
536 933 669 1001 auorum,
687 938 743 1002 ipse
762 938 858 990 iustius
866 939 962 1003 prodit
972 946 1070 992 nostru
1082 942 1228 1007 impietatis
1244 944 1297 996 elo·

62 1031 148 1097 pium.
167 1032 221 1085 Hic
235 1040 274 1086 est
289 1050 366 1100 quem
382 1036 502 1099 penu-isti
509 1042 591 1101 pater
608 1053 642 1088 ec
651 1038 727 1101 filia;
738 1036 782 1089 liic
793 1043 832 1089 est
844 1053 921 1103 quem
933 1054 979 1104 epo
995 1039 1045 1090 troi
1061 1040 1168 1104 nefario
1178 1039 1202 1073 ¹⁸
1212 1049 1296 1108 portu

61 1130 195 1196 profudi:
206 1147 285 1198 quem
295 1149 329 1185 ne
346 1135 511 1187 occideretur
528 1135 593 1200 ejeci
609 1153 618 1187 :
639 1151 671 1187 ne
688 1137 860 1188 innotesceret
870 1135 893 1168 11
905 1137 1036 1200 abdicem,
1054 1138 1116 1191 ut²¹
1129 1142 1297 1194 inueniretur

63 1233 184 1298 esposse,
201 1238 232 1284 ut
243 1234 398 1286 nutriretur
415 1235 513 1287 ornavi
522 1233 554 1286 11.
572 1235 627 1287 Hie
638 1242 676 1288 est
693 1252 770 1302 quem
787 1243 836 1288 tec
853 1236 936 1290 libido
951 1238 1019 1289 milri
1031 1237 1054 1270 ¹¹
1064 1239 1160 1303 filium,
1171 1241 1296 1305 fatorum

62 1329 136 1383 dedit
147 1332 308 1384 insuetudo
319 1334 458 1386 moritum.
468 1332 572 1387 Cecidit
585 1334 709 1402 protinus
718 1338 849 1402 augustus
859 1334 941 1389 heros
951 1336 982 1399 11,
995 1340 1022 1389 et
1034 1341 1121 1390 tactus
1134 1338 1228 1392 dolore
1237 1355 1294 1394 cor·

15 1430 45 1481 to
62 1426 104 1481 dis
116 1428 280 1484 intrinsecus
297 1430 324 1484 in
344 1435 422 1485 terrae
434 1432 569 1500 gremium
591 1433 625 1486 ad
643 1434 726 1501 pedes
745 1433 897 1488 demittitur
914 1434 1042 1489 filiorum.
1056 1435 1180 1505 Cumque
1197 1454 1226 1491 se
1243 1438 1295 1492 sibi

62 1531 125 1596 post
135 1528 275 1583 modicum
286 1530 310 1565 11
322 1530 483 1586 reddidisset
495 1532 533 1585 ita
549 1548 662 1586 exorsus
675 1537 716 1586 est
728 1553 734 1586 :
748 1535 810 1586 Meo
824 1542 897 1598 sunt,
914 1536 1007 1601 ofilio,
1025 1553 1083 1589 mec
1094 1545 1159 1590 sunt
1170 1539 1295 1602 crimina,

62 1643 121 1694 qun
139 1629 284 1694 formidas.
302 1631 360 1698 Epo
377 1640 473 1685 cremor
485 1632 509 1666 ¹⁰
532 1635 648 1696 sceleris,
665 1651 710 1700 eqo
726 1635 862 1700 facinoris
879 1641 965 1700 pater,
983 1636 1054 1687 niort
1071 1636 1107 1688 od
1124 1643 1147 1689 te
1170 1638 1240 1690 nilrit
1260 1638 1297 1690 od
1353 1647 1355 1651 ’

61 1727 146 1792 liujus
154 1727 178 1761 11
190 1730 369 1784 innocentiam
380 1733 592 1799 detorquendam
602 1732 645 1797 ¹¹,-
656 1739 711 1786 tota
722 1735 752 1785 in
762 1750 801 1785 me
810 1736 899 1786 sescict
907 1749 982 1800 psus
993 1751 1010 1786 a
1019 1751 1071 1801 quo
1079 1741 1134 1788 tota
1144 1738 1263 1790 manarit
1272 1736 1297 1770 11

61 1825 235 1891 offerremllst
243 1828 287 1882 lrie
297 1847 399 1883 mecum
411 1832 550 1898 episcopus
560 1832 671 1898 quidam
684 1833 814 1898 relictoue
830 1849 945 1899 moyseus
954 1834 1114 1886 discretione
1124 1837 1278 1902 praeclJJuus
1285 1853 1297 1901 ,·

15 1923 45 1974 u
60 1924 149 1990 placet
157 1933 187 1978 ut
198 1929 300 1982 accitus
310 1930 442 1994 adveniat,
455 1937 478 1983 et
490 1932 583 1983 credito
592 1929 616 1964 ⁸⁴
628 1933 711 1997 culpe
722 1937 812 1983 tenore
821 1933 969 1984 rentede'um
978 1933 1077 1998 offerat
1084 1935 1224 1999 penitenti
1231 1932 1263 1986 11.

103 2021 139 2079 9.
162 2024 281 2079 Vocatus
292 2024 301 2058 ¹
314 2024 459 2092 episcopus
471 2025 594 2078 introivit
603 2026 622 2078 ¹.
635 2026 774 2078 Accedunt
786 2030 841 2078 tres
861 2025 899 2079 illi
910 2026 1011 2094 pariter
1022 2030 1050 2080 et
1059 2027 1094 2080 ad
1112 2027 1226 2096 vestigia
1238 2044 1296 2084 cur·

61 2124 162 2176 vantur
171 2119 308 2182 antistitis,
321 2135 371 2172 nec
387 2120 462 2187 prius
471 2120 506 2173 de
518 2124 590 2174 terra
599 2123 712 2188 surgunt
719 2120 738 2184 1,
751 2136 836 2190 quem
849 2121 877 2174 iu
893 2121 1006 2174 auribus
1022 2122 1172 2176 sacerdotis
1181 2123 1297 2191 impera·
1320 2173 1328 2186 ,

60 2222 120 2272 tore
133 2216 283 2272 narrante⁴
295 2216 334 2270 rei
345 2220 427 2285 gestu
439 2217 540 2270 veritas
551 2216 706 2270 denudatur
717 2217 736 2270 1.
746 2217 788 2270 Ad
800 2217 859 2270 haec
872 2217 900 2270 iu
913 2218 1080 2272 immensum
1094 2218 1169 2286 prius
1177 2219 1188 2253 1
1196 2219 1296 2288 praesul
1385 2252 1389 2259 ·

60 2317 186 2381 indoluit,
203 2320 231 2371 et
247 2316 293 2369 vix
311 2319 373 2384 post
389 2315 517 2370 lacrimas
535 2315 642 2369 frenato
661 2315 781 2384 singultu
799 2316 934 2369 habende
954 2315 1150 2371 consolationis
1172 2318 1296 2373 inducias

13 2415 44 2466 20
61 2415 222 2484 imploravit
233 2416 252 2468 1.
263 2415 297 2468 m
307 2414 344 2468 illi
357 2415 369 2449 1
382 2434 388 2468 :
402 2416 462 2468 Non
471 2418 532 2479 erit,
543 2415 679 2483 inquiunt,
688 2417 727 2468 ito
739 2424 825 2483 poter,
838 2417 884 2469 sed
894 2423 1039 2482 antequam
1051 2424 1127 2470 tuum
1140 2419 1296 2472 removeas⁹

61 2518 96 2570 ab
112 2517 161 2570 hoc
171 2532 274 2569 secessu
290 2517 469 2582 presentium,
480 2517 568 2584 preste
581 2516 766 2582 peccatoribus
778 2517 834 2568 tuis
845 2517 1010 2568 sacerdotale
1021 2517 1165 2568 consitium
1175 2515 1206 2582 ¹⁰,
1223 2519 1297 2571 satu·

62 2616 211 2669 berrimum
229 2615 396 2667 medicinam.
406 2613 483 2667 Tunc
495 2613 549 2676 ille,
564 2613 675 2668 Vicinus
684 2622 728 2679 est,
741 2613 837 2683 inquit,
852 2614 929 2668 nobis
940 2615 1036 2680 deposce
1045 2614 1067 2648 ¹¹
1080 2616 1169 2669 isthoc
1186 2631 1293 2670 nemore

60 2717 251 2769 saeuissimus
269 2717 386 2776 eremita,
404 2715 483 2780 cujus
495 2730 540 2767 oos
553 2714 576 2746 11
587 2716 730 2767 consitium
743 2722 863 2781 expetore
874 2713 898 2748 11
909 2730 1001 2767 moneo
1013 2721 1037 2767 et
1048 2716 1078 2767 iu
1086 2723 1260 2782 pcccatorum
1271 2716 1295 2750 ¹¹

61 2817 248 2871 remissionem
268 2814 389 2880 ireiunpo.
401 2812 506 2866 Placuit
517 2812 627 2881 regibus
638 2813 807 2866 sacerdotale
826 2813 972 2867 consilium
990 2817 1018 2867 et
1035 2812 1165 2867 continuo
1183 2830 1293 2869 cumea

14 2910 44 2960 11
60 2913 144 2968 simul
156 2913 256 2981 egressi
270 2913 293 2947 11
305 2911 407 2966 adeunt
419 2911 608 2965 incunctanter
625 2911 751 2965 cellulam
763 2912 814 2965 riri
833 2913 891 2966 Dei.
903 2912 950 2966 Ille
961 2928 1025 2967 vero
1038 2913 1067 2966 in
1082 2912 1170 2967 limite
1183 2913 1207 2948 ¹¹
1218 2917 1294 2968 stans

58 3028 125 3066 mox
136 3016 166 3066 ut
179 3011 201 3046 ¹¹
211 3012 278 3066 vidit
288 3027 305 3064 a
316 3011 397 3081 longe
407 3010 547 3065 venientes
558 3010 676 3065 accurrit
686 3011 716 3076 11,
727 3010 861 3065 adrentus
870 3028 982 3066 causam
995 3013 1090 3081 aperit,
1100 3028 1155 3066 non
1165 3012 1295 3081 requirit;

59 3115 87 3165 et
105 3112 190 3165 totius
207 3116 269 3165 acta
285 3111 410 3165 materiei
424 3111 447 3146 11
463 3110 561 3178 spiritu
582 3110 678 3163 doctus
690 3110 715 3144 11
734 3110 854 3178 exponit.
875 3111 1007 3165 Mirantur
1026 3111 1064 3165 illi
1085 3115 1112 3165 et
1132 3111 1295 3166 mirabiliter

59 3210 264 3279 obstupescunt,
282 3214 364 3278 atque
376 3209 411 3263 ab
430 3225 463 3263 eo
480 3207 644 3278 paenitentiae
657 3209 775 3262 formam
788 3209 916 3278 episeopo
937 3212 1076 3265 mediante
1096 3212 1249 3279 deposcunt
1261 3211 1293 3265 11.

58 3309 158 3363 Statim
168 3307 248 3378 igitur
260 3309 464 3363 communicato
473 3308 588 3362 consilio
601 3307 714 3362 exilium
727 3308 766 3362 eis
778 3309 935 3377 septennale
947 3315 1105 3379 proponunt
1116 3316 1143 3364 et
1155 3311 1294 3365 abstinen-

59 3558 125 3598 -11
137 3557 179 3622 (Ι).
193 3561 211 3611 t.
224 3573 249 3624 p.
263 3572 287 3610 e.
299 3556 335 3618 b.)
345 3555 376 3609 D.
389 3571 414 3623 p.
427 3558 446 3608 t.
459 3570 482 3608 e.
492 3555 517 3607 b.
529 3555 553 3618 3,
563 3555 586 3619 4,
598 3556 630 3618 5;
644 3555 674 3608 Ι).
686 3571 711 3623 p.
722 3555 747 3607 b.
757 3555 781 3608 3.
794 3584 825 3592 —
838 3556 862 3588 11
871 3555 900 3620 (t.
914 3571 936 3608 e.
946 3557 994 3620 m.)
1006 3572 1042 3609 m.
1054 3572 1077 3609 e.
1092 3560 1109 3610 t.
1122 3558 1145 3609 3.
1159 3585 1190 3594 -
1200 3557 1224 3592 11
1236 3562 1294 3612 ten·

58 3644 98 3694 tat
108 3641 132 3694 3.
141 3668 175 3678 —
186 3637 380 3707 ¹⁰hujusmodi
389 3638 421 3702 5;
434 3636 624 3703 (ratus-hujus)
635 3642 662 3691 et
674 3654 698 3690 a.
707 3655 730 3705 g.
743 3653 763 3689 r.
774 3636 931 3703 hujusmodi
943 3638 966 3689 3.
981 3666 1014 3674 —
1029 3638 1051 3671 11
1065 3654 1114 3691 om.
1127 3640 1150 3692 3.
1163 3667 1194 3678 -
1207 3640 1231 3673 11
1242 3641 1294 3693 hu-

56 3721 177 3790 jusmodi
188 3723 212 3776 5.
226 3750 256 3759 -
268 3721 293 3755 11
303 3721 335 3787 (t
347 3720 385 3791 n.)
397 3736 422 3773 n.
436 3724 454 3773 t.
466 3721 490 3773 5.
509 3748 538 3757 -
558 3719 581 3752 11
599 3720 752 3788 ignosceret
768 3720 800 3782 3,
819 3719 999 3787 ignotesceret
1014 3720 1038 3773 5.
1057 3748 1089 3759 -
1106 3721 1130 3754 11
1147 3737 1183 3774 ne
1199 3722 1252 3775 35.
1262 3751 1294 3761 -

57 3805 141 3860 ¹¹om.
153 3805 177 3858 3.
189 3803 378 3870 -¹¹(t.l.m.)
391 3819 427 3856 m.
441 3803 483 3856 tl.
496 3803 520 3867 3,
531 3804 563 3865 4;
576 3818 627 3871 ego
644 3807 663 3855 t.
680 3802 697 3854 l.
715 3803 738 3855 3.
759 3832 791 3839 -
809 3801 833 3836 11
850 3802 938 3854 haeres
955 3802 979 3855 5.
998 3830 1028 3839 -
1047 3801 1071 3837 11
1087 3804 1201 3857 modum
1219 3805 1244 3858 5.
1261 3834 1294 3843 -

57 3887 168 3941 ¹¹actor
185 3888 209 3951 3,
221 3887 245 3951 3,
256 3887 279 3939 5.
294 3913 323 3924 -
336 3886 360 3920 11
370 3902 420 3940 orn.
431 3886 464 3945 53
478 3888 511 3946 (a.
523 3885 562 3951 h.)
575 3900 592 3937 a
605 3889 631 3937 te
642 3883 800 3950 hujusmodi
812 3884 837 3936 3.
849 3913 879 3921 -
899 3884 924 3918 11
941 3886 1160 3953 extorquendum
1177 3887 1202 3951 4,
1219 3888 1243 3941 5.
1261 3916 1294 3925 -

57 3969 232 4023 ¹¹(trutinavit
242 3968 266 4034 3,
275 3969 298 4022 5.
310 3967 377 4005 -11
386 3968 452 4034 (aee.
462 3983 486 4020 a.
499 3983 522 4020 e.
537 3966 610 4033 and.)
620 3965 757 4019 accinctus
767 3983 790 4018 a.
800 3983 822 4019 e.
832 3967 894 4019 aud.
903 3967 936 4029 ἲς
949 3983 1004 4022 aec.
1014 3967 1106 4021 veniat
1118 3969 1180 4021 aud.
1190 3969 1221 4032 3,
1237 3986 1293 4023 sec.

57 4051 151 4107 veniat
163 4067 186 4105 e.
195 4050 257 4105 aud.
270 4052 302 4114 5;
315 4065 370 4104 ace.
383 4066 407 4103 a.
420 4065 442 4103 e.
455 4049 554 4103 auditu·
566 4051 590 4102 4.
609 4078 641 4085 -
659 4048 683 4082 11
700 4049 864 4116 penitentia
881 4049 945 4112 t·5;
964 4048 1098 4103 salutaris.
1116 4050 1294 4119 Respondent

56 4133 96 4190 illi
106 4155 113 4189 ε
123 4133 215 4188 Placet
226 4134 289 4187 odd.
300 4134 332 4195 3;
344 4132 426 4200 Resp.
439 4130 485 4186 illi.
497 4131 536 4185 Pl.
549 4133 610 4185 cdd.
624 4133 647 4184 5.

88 4215 158 4272 Nun.
169 4216 193 4270 9.
207 4243 236 4254 -
248 4214 349 4283 ¹iffitur
360 4217 423 4269 cdd.
433 4215 457 4277 4,
465 4216 489 4268 5.
501 4243 533 4252 -
546 4215 558 4248 ¹
571 4213 684 4267 introvit
698 4216 719 4267 l.
732 4243 763 4250 —
776 4213 914 4282 ¹surgitur
925 4214 949 4278 3,
961 4214 985 4278 4,
1000 4216 1024 4268 5.
1037 4214 1090 4253 -1
1100 4216 1185 4269 totius
1195 4217 1258 4270 odd.
1268 4217 1292 4271 3.

55 4326 88 4337 —
100 4299 113 4334 1
124 4298 278 4353 denudetur
289 4298 313 4361 t,
322 4298 346 4363 4,
357 4299 382 4350 5.
397 4327 429 4337 -
440 4296 452 4331 1
464 4296 525 4365 pius
534 4296 643 4350 utu-¹
653 4295 718 4362 (ind.
729 4295 756 4362 i.)
770 4297 923 4350 remedium
936 4296 951 4350 i.
961 4297 992 4359 33
1004 4297 1059 4351 ind.
1072 4298 1224 4366 deploravit
1235 4299 1259 4363 3,
1265 4300 1290 4353 4.

55 4382 109 4423 -1
120 4380 160 4446 (at
169 4380 197 4447 i.)
206 4397 258 4434 om.
269 4380 298 4444 23
309 4395 342 4431 sc
355 4378 371 4432 i.
383 4378 406 4432 3.
420 4408 450 4417 -
461 4380 473 4415 1
485 4380 514 4446 (t.
527 4380 559 4444 r.)
572 4381 603 4432 tu
612 4379 772 4431 removest.
783 4406 813 4415 -
827 4379 850 4412 ¹⁰
863 4378 892 4445 (t.
904 4395 926 4432 s.
936 4379 973 4444 c.)
985 4379 1025 4432 tui
1037 4379 1213 4434 sacerdotalis
1226 4397 1289 4434 con-

55 4463 109 4519 silii
118 4462 252 4529 (officium
261 4463 289 4526 4)
298 4462 349 4515 35.
362 4491 392 4500 -
406 4461 429 4496 ¹¹
447 4466 474 4516 et
491 4464 554 4515 cdd.
566 4463 592 4514 5.
606 4491 637 4498 —
650 4461 674 4495 ¹¹
687 4465 714 4514 et
728 4462 790 4514 odd.
803 4462 827 4513 3.
841 4489 871 4498 —
886 4461 909 4495 11
925 4466 1017 4529 petere
1029 4462 1053 4514 3.
1071 4491 1094 4498 —
1122 4462 1145 4496 11
1157 4463 1288 4531 peccami-

55 4562 122 4602 num
132 4547 163 4609 4;
175 4544 229 4598 hoe
241 4548 416 4614 peccatorum
424 4545 449 4598 5.
459 4571 492 4583 -
504 4543 527 4578 11
536 4543 637 4612 agressi
649 4544 674 4597 3.
687 4571 719 4582 -
732 4543 755 4577 11
766 4542 861 4596 limine
873 4543 897 4606 3,
908 4544 934 4597 5.
951 4571 984 4581 -
1002 4543 1025 4578 ¹¹
1043 4561 1090 4598 sos
1107 4547 1170 4598 cdd.
1187 4546 1238 4600 25.
1258 4574 1289 4584 -

56 4628 80 4664 ¹¹
91 4627 211 4684 occurrit
222 4627 273 4681 35.
286 4653 317 4665 -
332 4627 356 4663 11
367 4626 396 4694 (t.
408 4643 432 4680 a.
444 4625 492 4692 m.)
506 4625 624 4680 erectius
635 4628 728 4680 actum
741 4625 862 4679 materiae
871 4626 888 4678 t
895 4644 903 4689 ;
915 4628 935 4679 t.
947 4629 1040 4679 aetum
1052 4626 1174 4681 materiae
1185 4628 1237 4682 35.
1257 4656 1287 4667 —

54 4710 80 4747 11
89 4713 131 4766 ito
141 4710 200 4774 2043
212 4709 310 4763 duetus
320 4711 342 4763 1.
355 4737 386 4746 -
396 4707 420 4742 11
428 4707 604 4778 requirunt5.
