3270 5400
364 356 457 409 eran.
475 354 556 407 nnn.
575 353 748 406 nnuxcm.
768 376 813 384 —
831 352 979 406 terrun.
998 355 1044 406 nn
1063 356 1142 409 con.
1161 349 1200 408 ΝΟ
1217 360 1339 412 asos-ts.
1401 344 1469 417 113

230 550 283 600 sed
293 556 319 600 et
330 549 408 600 omni
412 549 568 614 patrocinio
576 554 601 599 et
605 526 771 614 protectione
781 562 820 597 nte
829 546 866 597 ad
874 547 1014 598 tuitionem
1022 547 1106 614 irenses
1112 553 1327 617 concrepationis
1333 555 1471 620 confratri

229 663 292 700 meo
303 647 489 700 assistendum
500 663 599 699 censeo.
618 686 629 710 ,

278 743 337 805 10.
362 744 468 812 Quarta
480 743 579 798 debinc
590 743 665 805 teria,
677 742 749 796 circa
758 741 940 796 meditullium
953 744 1050 808 noctis,
1061 744 1154 798 aiebat
1163 764 1169 799 :
1179 750 1293 812 Quando
1302 752 1408 817 quidem
1417 759 1468 805 ter·

229 848 328 897 minus
347 847 409 898 citu
420 844 490 896 milri
504 843 622 895 vicinior
638 845 721 905 adest,
732 843 765 895 de
777 844 898 909 privatis
915 849 939 894 et
956 844 1091 909 adoptivis
1107 845 1177 895 milti
1192 846 1332 911 sinaniari
1347 849 1469 903 electione

194 948 212 996 b
228 948 345 1009 sanctis,
356 944 431 997 uobis
441 943 573 996 demando
583 942 702 1007 filiabus,
714 943 845 1008 quatinus
855 944 924 994 uices
932 957 1013 1007 necas,
1025 944 1147 1009 sinautos
1158 945 1301 1010 sr'pillatim
1310 950 1468 1013 uenerando,

227 1045 416 1112 exequannini,
428 1049 460 1094 nt
471 1043 508 1095 ad
521 1043 641 1108 formam
654 1043 707 1093 nxei
717 1043 852 1108 candiana
864 1042 893 1093 in
906 1042 979 1093 coelis
991 1043 1109 1094 mercede
1120 1043 1154 1094 ab
1165 1044 1223 1096 illis
1233 1046 1339 1109 invenite
1351 1046 1468 1100 Damim

229 1143 454 1197 remuneremini.
472 1142 615 1194 Primaria
634 1142 721 1205 icitur
731 1140 828 1192 borum
845 1141 964 1192 omnium
977 1147 1014 1193 est
1026 1142 1152 1207 specialis
1163 1143 1273 1195 domina
1290 1160 1357 1210 mea,
1373 1153 1468 1199 sanda

228 1243 354 1296 rideliert
371 1242 425 1294 Dei
439 1242 563 1307 nenitric
575 1240 685 1304 iterim·
700 1239 796 1292 deinde
813 1246 923 1292 satrctus
935 1239 1052 1292 diiclracl
1069 1257 1130 1292 curn
1147 1242 1336 1296 consodalibus
1347 1246 1469 1311 capolim

228 1349 346 1394 sanctus
361 1342 504 1394 Joltannes
524 1340 658 1406 Baptista,
680 1343 768 1392 satiati
784 1341 900 1407 apostoli
916 1340 1145 1406 Petrus,Panlns,
1161 1342 1258 1394 Jacobi
1275 1343 1341 1408 bini,
1358 1351 1469 1397 sanmns

178 1440 210 1489 ta
226 1438 373 1491 lebannes
390 1439 562 1505 eccnpelista,
574 1438 663 1489 salicti
679 1445 813 1504 martyres
825 1437 940 1490 Blasins
951 1445 975 1490 et
991 1438 1158 1491 Ertstaclrius
1175 1456 1236 1491 crem
1253 1442 1334 1492 sociis
1345 1443 1421 1504 sulm·
1437 1442 1469 1494 dc

227 1536 527 1601 mntifieibussaactns
539 1538 682 1589 Martinus
691 1543 714 1588 et
723 1545 834 1588 sarrctns
844 1536 981 1589 Nicotaus.
994 1535 1055 1603 Ipsa
1068 1552 1133 1588 vero
1144 1541 1231 1600 nocte,
1241 1554 1304 1590 cum
1314 1538 1468 1592 reverentia

229 1638 258 1686 et
270 1633 423 1688 deuotione
432 1652 463 1688 se
476 1634 617 1688 continere
629 1650 726 1687 omnes
735 1634 938 1697 commonebat,
951 1634 1052 1687 obinde
1062 1634 1189 1689 videlicet
1199 1637 1272 1704 equod
1281 1642 1403 1691 sanctam
1418 1639 1467 1693 Dei

229 1733 395 1801 genitricem
417 1734 562 1788 advenisse
582 1737 736 1786 testaretur.
756 1733 810 1799 Qui
836 1749 898 1786 cum
920 1738 1162 1800 percunctarentur
1181 1734 1293 1789 ubinam
1319 1736 1389 1792 iuret
1409 1739 1468 1807 ipsa

231 1832 363 1897 Domina,
375 1833 414 1886 ait
426 1832 501 1901 ipse:
514 1834 576 1886 Non
593 1849 650 1885 eam
671 1833 779 1900 quidem
791 1833 979 1900 corporalibus
988 1834 1081 1897 oculis,
1099 1835 1147 1901 qni
1152 1835 1215 1899 jam
1233 1836 1395 1901 defecerunt,
1406 1856 1468 1893 con-

190 1931 220 1977 ii
236 1938 324 1996 tneor,
342 1948 389 1984 nec
401 1933 550 1999 quidquam
562 1938 697 1993 terrestre,
710 1947 755 1982 nec
772 1946 931 1997 quemquam
949 1937 1081 1993 cestrum·
1097 1933 1144 1983 sed
1159 1949 1209 1998 per
1226 1949 1311 1985 nocem
1323 1936 1469 1988 Dominam

236 2044 324 2080 means
335 2032 452 2095 coqnoci,
462 2031 533 2082 sicut
542 2036 566 2081 el
578 2045 707 2097 quemquo
719 2037 835 2080 restrum
842 2045 896 2096 per
907 2045 992 2081 rocem
1000 2046 1139 2097 percenseo.
1153 2031 1288 2085 Noceritis
1300 2040 1389 2085 antem
1398 2036 1469 2102 quod

239 2142 304 2193 quos
314 2144 349 2179 ex
361 2129 509 2181 calonibus
524 2129 658 2181 desiderio
669 2128 760 2193 bubni,
762 2128 826 2192 jam
842 2129 931 2179 cidere
946 2135 969 2180 et
981 2145 1134 2194 concrescere
1144 2146 1269 2197 possrcm;
1281 2133 1371 2198 sicque
1382 2133 1414 2184 de
1425 2133 1469 2184 iris

242 2227 370 2278 nonnulla
382 2234 484 2281 secreta
496 2228 612 2280 caelestia
623 2227 752 2280 hactenus
764 2228 855 2292 innota
864 2228 1028 2293 pervidendo
1036 2228 1128 2280 didici.

285 2321 337 2381 19.
353 2324 413 2377 lam
437 2329 469 2378 ut
492 2329 600 2393 tempus
621 2322 824 2377 matutinalium
839 2323 958 2376 instabat
978 2329 1006 2377 et
1026 2326 1196 2379 nocturnalia
1220 2325 1311 2379 cilicia
1332 2325 1469 2396 completa

207 2418 237 2467 m
251 2418 357 2475 inissent
374 2427 401 2475 et
412 2421 447 2475 ad
460 2437 523 2474 eum
543 2421 577 2475 de
588 2421 674 2474 choro
687 2426 800 2474 ventum
813 2427 892 2484 esset,
904 2420 927 2474 si
939 2421 1004 2488 quid
1017 2421 1177 2475 offensionis
1189 2421 1217 2475 in
1229 2422 1328 2476 divinis
1340 2422 1468 2476 laudibus

254 2517 404 2587 obrepserat,
421 2535 555 2589 personas
578 2519 747 2574 attendentes
765 2519 945 2572 denominans
962 2524 989 2572 et
1010 2525 1133 2573 tenorem
1155 2521 1306 2575 dictionum
1327 2520 1468 2575 discretius

258 2617 393 2684 exprimens
413 2619 505 2673 veraci
523 2618 630 2673 ratione
647 2617 773 2672 correxit.
795 2618 866 2672 Hinc
886 2618 995 2672 silentia
1017 2618 1217 2689 aliquantulum
1241 2619 1337 2673 habito
1355 2620 1468 2688 jamque

262 2717 396 2782 crepusculo
407 2718 460 2772 diei
474 2718 649 2786 praecinente,
659 2717 686 2771 in
695 2718 768 2770 lianc
777 2734 874 2772 vocem
884 2717 974 2771 subita
985 2722 1012 2771 et
1022 2717 1157 2786 insperate
1167 2718 1298 2787 prorupit,
1308 2720 1351 2772 bis
1360 2719 1468 2774 dicens:

266 2810 351 2866 Bonum
368 2819 519 2870 consilinm.
545 2815 737 2870 Insistentibus
757 2815 797 2870 eis
817 2832 866 2869 cur
885 2816 938 2869 hoc
957 2817 1122 2884 protulisset,
1139 2817 1178 2869 ait
1199 2837 1205 2870 :
1225 2819 1332 2871 Octonis
1351 2820 1469 2871 bostium

225 2905 254 2955 ὓ
267 2918 394 2967 nestrorum
411 2918 491 2969 mmet
507 2917 630 2983 expulsis
641 2924 665 2968 ct
681 2923 718 2969 tot
730 2917 904 2983 securtdoper
916 2917 1038 2968 ‹lorninos
1050 2923 1156 2969 »rastros
1168 2918 1300 2982 anomalae
1312 2919 1468 2984 eliminatis,
1498 2904 1504 2921 ⁸

270 3005 350 3064 allude
359 3016 385 3066 in
395 3018 488 3081 qratia
502 3017 600 3069 canello.

302 3102 346 3163 20.
360 3111 419 3167 Post
437 3113 497 3166 brec
509 3128 622 3180 opernm
636 3111 720 3166 officii
739 3111 832 3165 altaris
845 3112 943 3180 exequi
956 3128 1040 3179 quam
1058 3111 1184 3164 devotius
1202 3111 1327 3174 instituit,
1339 3112 1468 3180 quatinus

272 3198 320 3257 init
327 3210 477 3279 participans
490 3210 592 3263 viatico
604 3209 748 3263 Dominico
766 3208 927 3262 muniretur.
947 3207 1062 3261 Peracto
1080 3208 1197 3275 denique
1215 3208 1308 3262 divino
1326 3210 1427 3274 cilicio,
1438 3214 1469 3263 ut

271 3299 343 3359 titas
352 3325 442 3380 corpus
454 3309 631 3363 Dominicum
644 3307 786 3377 persensit,
799 3307 927 3361 candelas
938 3307 1060 3371 accendi,
1076 3307 1245 3360 thuribulum
1266 3324 1327 3361 cum
1345 3309 1425 3363 thure
1437 3326 1468 3363 ac

232 3390 259 3444 ³⁰
272 3394 417 3465 timiamate
424 3410 562 3465 suffusum
572 3408 693 3477 praeierri
702 3406 838 3476 praecepit,
846 3407 939 3475 sicque
949 3406 1080 3459 mediocri
1089 3423 1157 3459 uoce
1166 3407 1266 3475 incepit
1275 3407 1468 3478 antiphonam:

274 3495 345 3557 'Dum
353 3506 494 3563 inbricator
502 3508 608 3562 mundi.
618 3549 628 3571 ,
639 3506 707 3560 Cum
717 3511 811 3559 autem
822 3511 935 3559 rentum
946 3510 1018 3558 esset
1029 3506 1064 3558 ad
1077 3505 1191 3558 verbum
1205 3505 1283 3559 illud:
1293 3507 1304 3530 ⁸
1315 3507 1467 3576 Redempta

273 3599 394 3669 raimundi,
403 3649 414 3673 ‚
423 3608 483 3676 jam
497 3606 576 3677 qnasi
588 3623 685 3675 expers
700 3605 785 3659 totius
796 3604 963 3658 infirmitatis
981 3604 1009 3657 in
1022 3603 1108 3658 altum
1121 3621 1217 3658 vocem
1230 3605 1335 3670 extulit,
1353 3605 1468 3676 ipsoque

273 3692 343 3750 tenen
352 3717 441 3759 serena
453 3704 521 3758 satis
532 3703 661 3772 claraque
677 3718 745 3756 roae
757 3701 936 3771 percantavit„
948 3701 1009 3768 Qua
1027 3700 1108 3763 iacto,
1120 3706 1223 3768 quanta
1236 3701 1383 3756 devotione
1396 3703 1468 3767 iidei,

272 3797 347 3851 ‘imit
356 3802 408 3869 spei
420 3802 590 3857 exultatione
607 3818 706 3870 corpus
722 3799 897 3854 Dominicum
915 3799 1069 3867 sumpserit,
1088 3798 1132 3851 vix
1151 3803 1199 3852 aul
1216 3799 1372 3853 nullatenus
1390 3802 1466 3854 eiiari

233 3881 259 3933 ὃ
272 3890 344 3949 utet

302 3982 344 4047 ²1·
359 3998 471 4066 Sumpta
483 3997 566 4067 igitur
575 3995 684 4059 viatico,
695 3995 814 4049 instituit
824 3994 872 4062 qui
885 3993 938 4047 sibi
951 3994 1129 4047 decantarent
1140 3993 1167 4046 in
1177 3993 1353 4047 veneratione
1365 3998 1466 4046 sanctie

271 4079 307 4137 Μ
319 4087 446 4150 (ianitrieis
456 4092 662 4163 responsorium
676 4092 687 4116 ⁸
706 4091 765 4145 Are
777 4106 886 4159 sponsa,
900 4089 1048 4157 ,itemque
1069 4088 1240 4158 sequentiam
1256 4090 1267 4112 ⁸
1288 4089 1467 4157 Congaudent

270 4186 402 4251 tutelarum,
415 4236 426 4261 ,
439 4194 472 4247 In
484 4209 540 4261 qua
551 4197 583 4245 ut
600 4194 713 4244 ventum
734 4192 776 4242 est
793 4188 828 4241 ad
846 4203 956 4241 versum
975 4186 1051 4240 illum
1065 4206 1071 4239 :
1084 4189 1095 4211 ⁸
1110 4186 1157 4251 Te,
1169 4186 1229 4240 coeli
1246 4185 1347 4255 regina,
1361 4228 1372 4251 ,
1386 4189 1465 4255 quasi

270 4273 329 4339 ‘litii
337 4291 458 4347 inmunis
469 4290 561 4346 omnis
573 4286 777 4351 imbecillitatis,
788 4286 917 4340 manibus
930 4290 957 4338 et
973 4284 1092 4338 brachiis
1106 4302 1136 4337 se
1154 4285 1182 4338 vi
1194 4285 1343 4338 excedente
1356 4285 1466 4339 sustulit

177 4392 179 4399 '
234 4370 323 4435 “md
331 4390 471 4446 sedendum
481 4390 563 4461 plane
575 4388 670 4457 coegit,
683 4386 796 4440 elevatis
809 4386 837 4438 in
849 4384 935 4438 altum
948 4384 1076 4437 manibus
1087 4384 1251 4452 modiceque
1264 4383 1387 4437 discretis
1399 4400 1430 4436 ac
1442 4384 1464 4437 si

177 4466 185 4525 b·
270 4472 341 4537 ΜΟ
347 4495 449 4545 astaret.
466 4490 555 4544 Tanta
567 4504 632 4542 vero
645 4488 704 4541 haec
714 4485 901 4555 exequebatur
914 4483 1048 4546 virilitate,
1059 4487 1088 4535 ut
1099 4483 1204 4536 cunctis
1213 4482 1251 4535 ibi
1263 4484 1359 4551 positis
1367 4483 1464 4536 terrori

271 4574 388 4641 “honori
398 4595 478 4655 esset,
489 4588 539 4642 tali
550 4603 623 4642 nunc
635 4584 799 4640 habitudine
810 4584 910 4652 adepta
922 4583 949 4635 in
961 4599 1017 4650 quo
1030 4587 1093 4635 ante
1106 4581 1291 4634 delectissime
1302 4581 1385 4634 inerit
1401 4597 1464 4634 con-

271 4680 347 4747 'litia
358 4685 398 4740 Sic
415 4704 480 4758 ergo
500 4685 622 4757 explosis
638 4683 775 4748 manibus,
796 4687 828 4736 ut
848 4681 951 4736 dictum
973 4685 1021 4745 est,
1041 4686 1073 4735 ut
1092 4679 1233 4750 paululum
1252 4696 1282 4733 se
1303 4678 1483 4772 detinuerat,¹

342 4814 427 4860 cerer„
443 4820 528 4860 snm.
543 4820 569 4859 r.
585 4819 614 4858 m
1349 4796 1367 4848 8
