3270 5400
132 388 222 440 amn.
241 386 321 437 nno.
340 386 511 438 snuxnnn.
531 407 578 417 -
595 387 743 438 seusun.
762 389 809 439 sn
827 389 905 440 oon.
925 389 957 440 n.
976 388 1091 439 sarna.
1110 386 1186 440 uass.
1211 368 1281 440 491

56 594 152 634 eorum
174 578 345 646 possiderent
363 577 456 640 urbes;
476 578 525 630 sed
542 581 572 631 ut
592 576 783 645 predicatione
799 577 939 632 salutifera
957 577 1084 632 homines
1103 579 1252 633 liberarent
1268 595 1286 633 a

56 681 146 733 morte
158 681 297 746 perpetus.
306 677 364 730 Hac
375 676 527 731 intentione
538 677 590 730 iter
601 675 750 731 Galliarum
763 677 883 746 ingressi,
895 682 1042 746 antequam
1052 677 1086 731 ad
1098 677 1150 731 sibi
1160 677 1283 747 delegata

57 776 246 845 pervenissent
257 776 326 840 loca,
337 775 481 843 temptavit
493 791 541 830 eos
558 776 616 829 Deo
628 775 803 844 permittente
820 775 862 829 vis
878 775 997 840 inimica,
1012 780 1043 830 ut
1054 777 1089 830 ab
1100 777 1153 831 hac
1164 777 1281 830 devoca-

56 880 99 929 ret
121 875 250 929 efficacia.
268 875 337 928 Nam
360 891 431 928 unus
451 891 547 929 eorum
566 875 665 939 socius,
686 874 799 928 nomine
821 874 958 929 Maternus
978 876 1022 942 (1),
1042 876 1173 946 languore
1193 877 1279 930 nimio

24 981 39 1028 s
57 978 199 1043 correptus
211 973 279 1027 obiit
291 978 407 1027 mortem
424 989 479 1026 non
491 973 549 1027 sine
560 989 671 1027 suorum
691 989 790 1043 magna
807 974 1004 1042 compassione.
1017 974 1103 1041 Quem
1123 980 1201 1028 terrae
1212 991 1286 1028 corn·

56 1073 219 1127 mandantes
230 1072 264 1125 ad
276 1072 350 1126 beati
361 1065 533 1140 presentiam
547 1072 619 1125 Petri
631 1072 747 1142 apostoli
763 1072 902 1127 redierunt
913 1075 1065 1128 unanimes.
1077 1073 1152 1140 Quos
1164 1073 1279 1143 henigne

56 1170 207 1238 suscipiens
219 1175 246 1223 et
258 1170 356 1224 blande
376 1170 529 1243 consolans,
546 1171 617 1225 inter
628 1170 696 1224 alias
708 1170 913 1225 exhortationes
931 1171 1003 1225 hanc
1023 1172 1172 1240 assignavit
1187 1177 1283 1226 contra

57 1268 268 1337 temptationum
278 1268 398 1337 pericula
407 1268 563 1322 christianis
571 1268 716 1323 utillimam
727 1289 733 1322 :
747 1269 809 1323 Viri
814 1272 926 1336 fratres,
936 1288 1003 1338 quos
1014 1272 1138 1324 Cbmstus
1147 1273 1180 1324 ab
1189 1287 1282 1324 errare

57 1367 182 1421 liberarit
193 1375 217 1421 rt
233 1368 355 1435 Spiritus
366 1376 476 1422 saumas
486 1371 659 1434 illuminavit,
670 1377 763 1423 notum
773 1372 809 1423 sit
821 1371 900 1432 vobis,
913 1372 985 1438 qaod
996 1387 1071 1423 secus
1083 1373 1154 1423 aiam
1166 1370 1287 1423 abedien-

11 1475 41 1521 10
59 1469 102 1521 tia
112 1484 222 1534 serpens
233 1470 362 1534 antiquas
373 1484 428 1521 sua
443 1469 551 1536 laqueos
562 1470 686 1536 nequitia
696 1484 800 1535 semper
811 1469 955 1521 abscondit.
973 1469 1018 1522 Sic
1029 1472 1100 1521 enim
1115 1471 1183 1535 filiis
1194 1469 1287 1522 Imaui

59 1566 96 1617 ad
106 1565 328 1633 sibipromissam
335 1568 529 1632 festinantibus
539 1574 642 1620 terram
647 1583 700 1635 per
711 1568 838 1620 Amalech
850 1567 978 1632 obviabat,
986 1585 1093 1635 puqnos
1102 1568 1288 1633 commonebat,

59 1665 157 1717 multos
167 1666 358 1729 promanabat,
375 1666 422 1718 sed
436 1667 626 1733 Moysscrantc
640 1666 725 1720 iarael
735 1668 956 1733 cstcont'ortatus,
967 1668 1051 1720 hastis
1063 1676 1210 1721 enervatus.
1224 1668 1287 1722 Hac

59 1763 189 1816 historica
199 1765 392 1830 siqnificattcns
403 1782 542 1819 monemur
550 1783 603 1819 non
612 1773 706 1819 nostra
717 1766 878 1819 obviandum
889 1768 988 1820 rirtrrts
996 1768 1161 1831 adversario,
1170 1769 1217 1820 sed
1225 1784 1290 1821 ara·

59 1863 143 1916 tionis
152 1863 205 1927 fids
221 1880 281 1915 cum
302 1865 406 1917 Clas-isti
416 1867 500 1931 siqna.
524 1867 556 1919 Ut
566 1882 628 1932 erqo
641 1866 716 1919 nulla
733 1867 810 1919 mado
825 1873 971 1933 prasumat
987 1867 1064 1919 bama
1086 1867 1118 1918 ds
1141 1884 1176 1931 sc,
1199 1868 1288 1921 Israel

11 1965 42 2011 ts
59 1961 179 2013 uincitur
197 1978 290 2015 secura
309 1964 406 2030 Moyse,
423 1965 506 2016 uincit
524 1971 626 2018 orante.
646 1965 754 2030 Quanta
773 1981 834 2018 asera
854 1965 1035 2032 subsequatur
1053 1967 1288 2033 presumptionem

60 2059 145 2109 ruina
152 2076 163 2123 ,·
175 2060 204 2110 in
215 2061 333 2127 exemplo
345 2067 383 2113 est
396 2062 439 2113 ille
449 2063 558 2127 primus
566 2078 676 2128 parens,
689 2064 737 2129 qui
747 2064 952 2130 presumptione
962 2070 1024 2129 post
1034 2064 1142 2130 lapsum
1154 2079 1285 2116 excusans

60 2171 95 2221 sc,
106 2172 158 2208 saa
174 2158 304 2224 priuatus
323 2165 361 2212 cst
380 2160 509 2212 libertate.
527 2160 628 2227 ltaque,
646 2162 791 2225 carissimi,
803 2162 873 2213 nibil
890 2162 922 2214 de
938 2163 1011 2214 rabis
1025 2163 1186 2227 presumite,
1198 2163 1244 2214 scd
1257 2164 1286 2213 in

60 2258 135 2308 omni
146 2257 258 2309 aduersa
267 2259 409 2310 consitium
420 2266 525 2323 sperate
536 2276 553 2311 a
565 2260 788 2326 Dominamque
799 2276 949 2312 successam
961 2267 1049 2312 cestra
1060 2263 1171 2313 intentio
1182 2261 1288 2314 babebit

61 2354 167 2407 bonum.
185 2354 226 2407 Ns
242 2363 329 2408 aedem
348 2372 392 2409 aas
408 2358 514 2411 diutius
532 2359 564 2410 ab
585 2358 673 2422 officio
693 2358 765 2411 cobis
785 2359 904 2424 injuncto
924 2360 1067 2421 retundam,
1087 2360 1213 2412 baculam
1233 2361 1289 2412 mei

12 2455 44 2507 10
60 2453 163 2506 socium
174 2455 281 2506 itineris
292 2455 375 2508 tollite
386 2473 430 2508 cos
436 2459 575 2523 prosulas,
588 2464 667 2523 atque
681 2457 785 2521 defosso
796 2464 1002 2524 superponamus
1014 2460 1142 2524 compari,
1153 2460 1288 2526 praecipite

16 2576 21 2583 ·
61 2552 93 2602 in
104 2553 209 2604 nomine
223 2553 327 2606 b'lsristi
334 2561 364 2606 ut
373 2557 481 2609 rediens
493 2558 520 2607 in
531 2557 613 2608 citam
621 2557 652 2608 de
661 2562 745 2608 marte
751 2556 874 2622 perficiat
885 2572 952 2622 opus
964 2557 1123 2609 obedientis.

105 2648 184 2705 vu.
210 2650 268 2703 linc
288 2650 380 2718 itaque
396 2650 583 2704 consolatione
601 2649 693 2703 relecti
710 2650 788 2704 etde
805 2666 920 2704 mamre
936 2650 1015 2720 quasi
1032 2651 1066 2704 de
1083 2667 1182 2704 somno
1194 2651 1288 2716 exciti,

64 2749 224 2803 inchoatum
233 2748 337 2816 pridem
349 2747 401 2800 iter
412 2746 557 2814 arripiunt;
576 2747 741 2814 tandemque
756 2747 920 2814 perveniunt
934 2748 969 2800 ad
987 2747 1099 2800 fratrem
1111 2747 1291 2800 tumulatum.

64 2845 150 2914 Quem
162 2845 322 2899 effodientes
334 2860 389 2898 nou
402 2843 537 2897 vermium
546 2844 669 2896 ioetorem
680 2844 728 2897 sed
740 2844 932 2897 suavissimum
944 2845 1056 2898 odorem
1066 2844 1230 2898 invenerunt
1238 2844 1292 2911 spi·

15 2947 48 2997 aa
65 2949 181 3009 tantem,
198 2945 277 3012 eique
294 2942 592 3010 secundum*apostoli
603 2943 709 3009 jussum
720 2944 847 2996 baculum
860 2948 1110 3012 superappanentes
1129 2943 1240 2997 dicunt:
1259 2944 1292 2996 lu

65 3047 172 3097 nomine
180 3046 324 3096 salisataris
336 3045 455 3095 amnium
466 3044 533 3095 Jesu
548 3043 651 3095 Christi
665 3043 758 3096 Petrus
770 3045 829 3108 ejus
840 3044 992 3110 disciputus
1000 3045 1123 3109 praecipit
1135 3044 1191 3108 tibi,
1202 3044 1293 3110 quati·

65 3160 118 3197 aus
126 3160 226 3210 surque
234 3144 354 3206 astucius,
364 3143 589 3208 obedientiamque
596 3141 645 3193 tibi
651 3143 684 3193 ab
696 3143 755 3208 iqrso
762 3143 913 3207 injunctam
921 3144 1033 3209 impleas
1040 3143 1157 3194 devotas.
1165 3139 1291 3193 Plurimis

65 3257 129 3312 ergo
139 3256 232 3294 coram
241 3239 393 3293 astantibus
405 3246 432 3292 et
443 3239 497 3291 hoc
507 3239 706 3292 admirantibus
714 3240 833 3293 surrexit
840 3239 984 3304 Maternae,
997 3240 1184 3309 plurimosque
1197 3239 1289 3291 inlide-

64 3340 132 3395 lium
151 3356 199 3409 per
215 3355 293 3392 suam
310 3337 537 3391 resurrectionem
555 3339 715 3406 pmvocavit
732 3339 766 3392 ad
779 3355 871 3392 veram
886 3338 986 3392 Christi
1004 3338 1212 3392 confessionem.
1227 3337 1292 3390 liaec

16 3440 46 3490 31
65 3453 129 3506 ergo
142 3444 218 3505 gesta
229 3435 331 3490 scilicet
342 3437 376 3489 de
389 3435 594 3489 resuscitatione
611 3435 726 3490 Materni
739 3436 839 3489 adhoc
852 3436 1017 3498 induximus,
1030 3452 1086 3488 nou
1096 3436 1171 3503 qnod
1183 3435 1292 3504 proprie

64 3536 147 3591 beato
160 3535 291 3589 Clementi
303 3535 357 3588 hoc
369 3534 561 3595 {rescribamus
573 3535 621 3587 sed
634 3539 663 3587 ut
674 3533 832 3602 participem
851 3534 955 3588 itineris
971 3552 1002 3588 uc
1018 3533 1120 3587 laboris
1131 3534 1292 3602 sociumque

64 3634 261 3690 consolationis
273 3638 299 3687 et
310 3633 401 3702 gaudii
412 3632 496 3686 fuisse
505 3637 730 3687 monstraremus.
744 3632 794 3685 Hic
807 3636 899 3686 autem
909 3632 972 3686 licet
983 3633 1149 3701 perpendere
1158 3636 1291 3700 quantum

64 3735 148 3788 distat
159 3733 232 3787 lexa
247 3732 342 3801 gratia,
354 3733 454 3785 veritas
465 3733 500 3785 ab
518 3732 624 3785 umbra.
637 3731 762 3784 Heliseus
779 3731 918 3799 quondam
938 3731 982 3784 ille
1000 3748 1050 3800 per
1067 3730 1139 3785 Giezi
1156 3732 1208 3784 sub
1225 3735 1289 3799 typo

64 3833 130 3900 legis
142 3831 272 3900 premisit
282 3831 419 3894 haculum,
429 3836 459 3884 ut
472 3831 559 3885 viduae
569 3829 640 3883 tilius
651 3835 808 3900 exsurgeret
816 3846 833 3883 a
842 3830 966 3893 mortuis,
975 3831 1023 3884 sed
1032 3847 1088 3884 nou
1097 3830 1195 3884 revixit
1204 3830 1292 3883 donec

15 3933 47 3983 311
64 3930 199 3999 Helyseus
210 3930 328 3984 advenit.
340 3929 437 3984 Petrus
449 3930 576 3982 baculum
594 3930 646 3983 suh
663 3929 837 3983 invocatione
854 3928 955 3983 Christi
968 3930 1097 3997 premisit
1109 3934 1136 3983 et
1148 3929 1292 3983 defunctus

64 4027 192 4097 exsurgit,
211 4027 275 4095 quia
290 4027 335 4080 lex
349 4028 461 4081 vulnera
479 4033 586 4081 tantum
599 4028 778 4090 ostendebat;
799 4028 913 4082 minime
931 4045 996 4082 vero
1008 4029 1022 4058 *
1034 4029 1156 4082 sanabat.
1169 4028 1292 4081 Infusum

63 4127 293 4195 praemonstrabat
301 4127 386 4195 digito
396 4127 501 4194 peccati
513 4142 659 4190 venenum,
668 4130 699 4180 ut
708 4131 862 4196 quaererent
871 4131 1016 4195 pereuntes
1024 4128 1187 4181 antidotum.
1193 4126 1294 4180 Christi

64 4241 130 4279 raro
143 4225 292 4279 adveniens
303 4226 389 4294 gratia
402 4226 507 4279 curavit
519 4231 629 4295 peccatu
641 4242 688 4294 per
699 4227 787 4294 legem
800 4227 874 4295 prius
887 4231 994 4280 ostensa
1001 4247 1007 4290 ;
1020 4227 1084 4295 quia
1095 4227 1240 4281 doctorum
1253 4232 1294 4282 est

64 4324 195 4378 nimirum
213 4330 303 4378 errata
319 4341 367 4394 per
378 4306 498 4379 'inditam
518 4325 570 4378 sibi
589 4326 733 4379 ostendere
752 4326 953 4391 discretionem,
973 4326 1073 4380 Christi
1091 4332 1184 4380 autem
1204 4326 1289 4381 solius

14 4426 46 4479 10
64 4422 202 4476 dimittere
215 4424 394 4477 offensionem
407 4429 469 4492 post
482 4440 574 4477 veram
587 4425 797 4479 contessionem.
818 4424 956 4479 blaternas
973 4425 1084 4493 quidem
1101 4426 1135 4478 de
1152 4426 1292 4493 sepultura

65 4521 154 4575 reddit
169 4521 312 4575 suavitatis
323 4523 520 4592 odorem,quia
532 4523 598 4577 dum
608 4523 831 4592 resurgitaliquis
851 4541 884 4577 ex
902 4529 1013 4591 peccato
1031 4524 1108 4592 quasi
1118 4541 1151 4578 ex
1161 4525 1294 4580 cadavere

64 4619 160 4674 vivens
172 4620 202 4674 lit
213 4621 305 4675 hostia
317 4622 385 4676 Deo.

97 4785 135 4853 (l)
147 4785 215 4840 Vide
227 4786 311 4841 sitam
324 4787 369 4841 SS.
378 4787 514 4852 Eucherii,
523 4787 632 4854 Valerii,
644 4788 766 4853 Materni,
779 4789 837 4843 Act.
849 4786 904 4855 SS.,
913 4793 980 4843 tom.
992 4788 1016 4842 ll
1027 4788 1095 4851 Jan„
1107 4804 1133 4856 p.
1144 4788 1194 4842 918
1202 4803 1265 4856 sqq.
