3270 5400
430 306 522 358 amn.
541 305 620 358 nno.
640 306 812 358 anuxnnn.
831 327 878 336 -
896 306 976 358 coo.
994 296 1033 356 n⁰
1051 304 1175 356 caso-oo.
1348 284 1418 357 367

192 495 294 551 latione
306 496 438 551 liberatus
449 498 541 560 651;3ο
553 513 586 551 ea
595 513 655 566 quae
668 497 740 550 edita
749 501 813 550 sunt
822 496 850 549 in
862 496 925 563 Lep.
935 500 1015 562 Aur,
1026 512 1051 564 p.
1060 495 1117 558 636,
1127 510 1233 548 numm.
1241 496 1266 558 4,
1277 495 1307 558 53
1319 495 1348 548 4⁰
1359 510 1420 548 nar·

192 595 261 650 ratio
284 595 351 649 dirae
372 595 445 649 illius
464 595 591 650 vindicta
610 613 672 664 quaa
692 595 822 650 diuinitus
839 600 949 664 sumpta
971 600 1013 648 est
1030 595 1064 649 de
1081 594 1178 648 Udone
1198 593 1420 662 Parthcpolitano

192 695 405 765 archiepiscopo,
415 695 468 749 vid.
478 697 536 749 Act.
548 696 603 760 SS,
612 695 646 748 ad
656 694 682 748 d
690 695 723 747 Ab
734 694 816 762 Sept,
826 700 892 748 tom.
905 694 948 758 Vl,
957 712 982 763 p.
991 694 1049 758 163,
1061 709 1136 746 num.
1147 693 1211 756 660;
1222 694 1252 747 5⁰
1262 693 1418 748 encomium

192 793 406 848 Ambrosianum
416 795 449 848 dc
461 795 563 848 sanctis
575 795 741 864 martyribus
753 793 817 848 edit.
828 795 857 848 in
869 795 932 862 Lep.
946 796 1026 857 Aur,
1039 810 1064 862 p.
1076 792 1134 845 631.

291 913 329 984 4⁰
354 911 484 985 Passio
501 912 538 986 S.
552 910 728 984 Gereonis
740 916 777 984 ct
789 911 975 985 sociorum
992 911 1072 1003 ejus
1089 910 1168 1004 (fol.
1187 909 1355 1001 58⁷-6h‘l

225 1041 321 1096 Passio
337 1046 449 1096 auctore
461 1040 614 1095 Helinendo
627 1041 700 1095 edita
712 1042 739 1095 in
753 1043 811 1095 Act.
822 1041 877 1105 SS,
892 1041 927 1094 ad
945 1041 969 1094 d.
983 1041 1015 1094 10
1026 1039 1096 1105 oa,
1107 1043 1175 1094 tom.
1187 1040 1218 1104 V,
1230 1056 1256 1108 p.
1265 1039 1299 1093 36
1307 1054 1377 1108 sqq.;
1390 1040 1420 1093 in

195 1139 254 1194 cod.
262 1139 331 1208 prol.
341 1155 396 1193 om.

291 1241 332 1314 5⁰
357 1240 496 1313 Versus
512 1239 620 1312 sculli
636 1238 676 1312 in
693 1239 826 1313 feretro
845 1240 881 1313 S.
901 1238 1072 1333 Exuperii
1085 1237 1124 1311 in
1142 1237 1292 1312 abbatia
1308 1236 1416 1310 Gem-

339 1356 504 1430 blacensi
520 1357 600 1449 (fol.
619 1357 707 1449 illl).

227 1503 256 1558 In
271 1520 355 1559 annuo
367 1520 480 1557 aarnnn.

456 1619 599 1688 Egreditur
610 1619 719 1673 Rhome
731 1618 801 1688 legio
811 1618 959 1672 Thebaidis
971 1617 1042 1671 alma
1057 1638 1063 1671 z

456 1718 533 1771 Hanc
544 1717 732 1772 Marcellianus
744 1717 967 1786 continnatpa'pa
979 1717 1093 1777 beatus3

456 1815 523 1882 Quae
534 1816 671 1885 baptizata
681 1817 756 1885 prius
768 1821 809 1869 est
821 1815 961 1884 apraesule
970 1820 1065 1869 sancto

457 1915 636 1979 Hierusalem,
649 1916 712 1969 licta
723 1919 890 1984 postponens
902 1914 995 1968 omnia
1007 1912 1126 1969 Christo.

457 2015 569 2068 Caesaris
579 2016 613 2069 ad
624 2015 731 2083 jussum
741 2015 827 2068 tendit
839 2018 901 2083 post
912 2013 1116 2068 Maximianum.

229 2145 258 2198 ln
275 2161 393 2199 secunao
410 2161 520 2198 namn.

457 2260 614 2330 Exuperant
622 2260 705 2329 Alpes
714 2261 772 2328 jam
784 2260 887 2314 Gallica
899 2276 963 2314 rure
972 2265 1105 2329 petentes,

456 2359 637 2414 Maximianus
646 2360 710 2429 agit,
721 2377 771 2414 sua
781 2361 862 2415 thure
875 2359 967 2415 colant
974 2376 1052 2414 sacra
1063 2360 1159 2414 sancti.

457 2459 547 2513 Caesar
557 2463 588 2513 ut
596 2459 701 2528 accepit
711 2463 820 2513 sanctos
831 2461 866 2514 ad
876 2463 973 2514 cuncta
985 2459 1075 2524 reniti,

456 2558 589 2612 Accendit
597 2557 710 2622 rabiem,
723 2564 848 2612 cunctam
861 2560 958 2627 quaerit
969 2557 1118 2628 legionem3

457 2657 522 2711 Sors
533 2657 655 2710 decimos
666 2657 766 2723 sorbet,
777 2662 880 2723 monet,
889 2662 978 2712 armat
988 2657 1100 2726 signiter
1112 2674 1218 2713 omnes.

458 2756 583 2811 Vescitur
593 2761 653 2810 atra
664 2756 778 2821 cohors,
791 2757 877 2811 victor
886 2757 958 2811 cadit
974 2757 1085 2811 ultimus
1097 2758 1179 2812 heros

456 2854 697 2924 sustolluntAngli
708 2860 817 2909 sanctos
827 2872 909 2925 super
918 2857 1013 2910 ethera
1028 2856 1094 2911 caeli.

225 2989 256 3043 ln
273 3004 373 3042 nanno
389 3004 502 3042 namna.

458 3100 599 3155 Artificem
609 3105 670 3154 trux
681 3116 763 3170 poena
773 3101 852 3169 rapit,
864 3100 1011 3169 paralytica
1020 3101 1113 3170 surgit,

457 3199 537 3253 Flens
548 3198 664 3267 genitrix
675 3203 783 3268 raptum
795 3198 901 3252 letatur
912 3199 1028 3268 psallere
1042 3205 1148 3254 natum.

459 3297 577 3367 Pignora
587 3302 745 3351 sanctorum
757 3297 845 3366 stagni
857 3297 962 3352 tumida
973 3314 1084 3367 aequora
1099 3303 1234 3353 sternunt.

222 3433 255 3488 ln
273 3444 717 3495 ouanronnnrna;nro1n1omun
733 3446 779 3483 inc
797 3446 886 3483 senno
904 3445 939 3482 no
959 3445 1111 3483 nanrunes.

458 3543 570 3598 Thebaei
582 3561 710 3614 proceres
721 3544 786 3599 clari
796 3559 844 3614 per
851 3544 953 3610 secula,
966 3549 1050 3598 testes

458 3643 558 3698 1166161
574 3644 721 3713 sacrilegus
737 3644 828 3713 gladio
845 3660 915 3713 qnos
932 3644 1129 3707 Maximianum

457 3742 552 3796 Vestra
561 3743 780 3811 frequentantem
792 3742 930 3796 defendite
942 3743 1038 3797 munia
1050 3742 1167 3810 plebem.

220 3877 255 3931 ln
273 3889 333 3928 rins
350 3888 449 3939 onanrr
466 3888 576 3927 narnms
593 3889 626 3926 nr
644 3890 783 3927 nmrorrun
799 3890 885 3927 senno
904 3890 939 3927 no
958 3890 1128 3929 convrsruu.

459 3987 541 4041 Plebs
549 3989 595 4057 pia
604 3992 761 4042 sanctorum
774 3987 898 4042 votivum
909 3987 1015 4056 suscipe
1027 3988 1141 4052 donum,

458 4085 519 4153 Quo
531 4090 579 4140 tna
589 4102 668 4141 sacra
679 4087 785 4141 misach
796 4086 918 4140 condens
929 4089 957 4140 te
968 4091 1096 4140 munerat
1108 4086 1195 4141 abbas

458 4183 618 4239 Commissis
629 4186 738 4239 veniam
748 4185 826 4253 cujus
835 4185 952 4252 deposce
961 4183 1120 4253 benignam.

294 4302 332 4375 6ο
356 4299 607 4394 Epytaphium
632 4301 828 4395 cujusdam
845 4299 965 4374 sancti
983 4321 1028 4373 ex
1044 4299 1187 4392 legione
1204 4301 1366 4375 Thebaea
1383 4302 1421 4376 in

343 4415 478 4511 majori
494 4414 646 4490 ecclesia
657 4414 848 4489 Bonnensi
866 4416 944 4507 (fol.
960 4414 1047 4511 661).

460 4560 524 4615 llaec
536 4561 642 4615 socium
654 4577 738 4615 sacrae
749 4577 794 4617 me
805 4559 909 4614 clandit
919 4565 998 4629 petra
1009 4558 1146 4625 cohortis,

526 4659 601 4728 Quos
610 4659 765 4731 Agrippinae
778 4663 856 4714 vasta
867 4659 988 4714 Thebaea
999 4657 1080 4712 dedit
