<?xml version="1.0" encoding="UTF-8"?>
<!DOCTYPE html PUBLIC "-//W3C//DTD XHTML 1.0 Transitional//EN"
    "http://www.w3.org/TR/xhtml1/DTD/xhtml1-transitional.dtd">
<html xmlns="http://www.w3.org/1999/xhtml" xml:lang="en" lang="en">
 <head>
  <title>
</title>
<meta http-equiv="Content-Type" content="text/html;charset=utf-8" />
  <meta name='ocr-system' content='tesseract 3.04.00' />
  <meta name='ocr-capabilities' content='ocr_page ocr_carea ocr_par ocr_line ocrx_word'/>
</head>
<body>
  <div class='ocr_page' id='page_1' title='image "./cataloguscodicu00belggoog_0139.png"; bbox 0 0 3270 5400; ppageno 0'>
   <div class='ocr_carea' id='block_1_1' title="bbox 194 354 1083 434">
    <p class='ocr_par' dir='ltr' id='par_1_1' title="bbox 194 354 1083 434">
     <span class='ocr_line' id='line_1_1' title="bbox 194 354 1083 434; baseline 0.007 -7"><span class='ocrx_word' id='word_1_1' title='bbox 194 354 264 428; x_wconf 73' lang='lat'><strong>120</strong></span> <span class='ocrx_word' id='word_1_2' title='bbox 527 379 652 430; x_wconf 80' lang='lat' dir='ltr'><strong>caran.</strong></span> <span class='ocrx_word' id='word_1_3' title='bbox 678 380 782 432; x_wconf 91' lang='lat' dir='ltr'><strong>conn.</strong></span> <span class='ocrx_word' id='word_1_4' title='bbox 808 380 1083 434; x_wconf 73' lang='lat' dir='ltr'><strong>HAGIOGRAPHIC.</strong></span> 
     </span>
    </p>
   </div>
   <div class='ocr_carea' id='block_1_2' title="bbox 191 565 1468 835">
    <p class='ocr_par' dir='ltr' id='par_1_2' title="bbox 191 565 1468 835">
     <span class='ocr_line' id='line_1_2' title="bbox 232 565 1468 639; baseline 0.002 -15"><span class='ocrx_word' id='word_1_5' title='bbox 232 565 290 624; x_wconf 82' lang='grc'><strong>38.</strong></span> <span class='ocrx_word' id='word_1_6' title='bbox 314 567 363 621; x_wconf 87' lang='lat' dir='ltr'><strong>llis</strong></span> <span class='ocrx_word' id='word_1_7' title='bbox 379 573 407 622; x_wconf 90' lang='lat' dir='ltr'><strong>et</strong></span> <span class='ocrx_word' id='word_1_8' title='bbox 417 568 478 622; x_wconf 89' lang='lat' dir='ltr'><strong>aliis</strong></span> <span class='ocrx_word' id='word_1_9' title='bbox 488 583 572 636; x_wconf 89' lang='lat' dir='ltr'><strong>quam</strong></span> <span class='ocrx_word' id='word_1_10' title='bbox 583 567 705 636; x_wconf 89' lang='lat' dir='ltr'><strong>pluribus</strong></span> <span class='ocrx_word' id='word_1_11' title='bbox 716 568 856 622; x_wconf 87' lang='lat' dir='ltr'><strong>beneficiis</strong></span> <span class='ocrx_word' id='word_1_12' title='bbox 872 586 935 636; x_wconf 87' lang='lat' dir='ltr'><strong>quae</strong></span> <span class='ocrx_word' id='word_1_13' title='bbox 950 570 1051 638; x_wconf 90' lang='lat' dir='ltr'><strong>passim</strong></span> <span class='ocrx_word' id='word_1_14' title='bbox 1063 569 1122 639; x_wconf 76' lang='lat' dir='ltr'><strong>jugi</strong></span> <span class='ocrx_word' id='word_1_15' title='bbox 1138 571 1294 626; x_wconf 87' lang='lat' dir='ltr'><strong>sentiuntur</strong></span> <span class='ocrx_word' id='word_1_16' title='bbox 1311 574 1424 633; x_wconf 86' lang='lat' dir='ltr'><strong>eii&#39;ectu.</strong></span> <span class='ocrx_word' id='word_1_17' title='bbox 1463 614 1468 621; x_wconf 92' lang='lat'><strong>.</strong></span> 
     </span>
     <span class='ocr_line' id='line_1_3' title="bbox 191 665 1423 738; baseline 0.004 -19"><span class='ocrx_word' id='word_1_18' title='bbox 191 666 321 732; x_wconf 91' lang='lat' dir='ltr'><strong>probatur</strong></span> <span class='ocrx_word' id='word_1_19' title='bbox 347 669 472 719; x_wconf 89' lang='lat' dir='ltr'><strong>sanctum</strong></span> <span class='ocrx_word' id='word_1_20' title='bbox 499 665 631 719; x_wconf 81' lang='lat' dir='ltr'><strong>iacobum</strong></span> <span class='ocrx_word' id='word_1_21' title='bbox 641 666 795 734; x_wconf 89' lang='lat' dir='ltr'><strong>apostolum</strong></span> <span class='ocrx_word' id='word_1_22' title='bbox 818 666 900 734; x_wconf 86' lang='lat' dir='ltr'><strong>hujus</strong></span> <span class='ocrx_word' id='word_1_23' title='bbox 920 666 973 720; x_wconf 91' lang='lat' dir='ltr'><strong>loci</strong></span> <span class='ocrx_word' id='word_1_24' title='bbox 993 667 1160 722; x_wconf 91' lang='lat' dir='ltr'><strong>tutissimum</strong></span> <span class='ocrx_word' id='word_1_25' title='bbox 1182 674 1367 738; x_wconf 72' lang='lat' dir='ltr'>protectorem</span> <span class='ocrx_word' id='word_1_26' title='bbox 1393 676 1423 724; x_wconf 92' lang='lat' dir='ltr'><strong>et</strong></span> 
     </span>
     <span class='ocr_line' id='line_1_4' title="bbox 191 764 1321 835; baseline 0.003 -16"><span class='ocrx_word' id='word_1_27' title='bbox 191 765 319 819; x_wconf 91' lang='lat' dir='ltr'><strong>omnibus</strong></span> <span class='ocrx_word' id='word_1_28' title='bbox 327 765 362 818; x_wconf 93' lang='lat' dir='ltr'><strong>ad</strong></span> <span class='ocrx_word' id='word_1_29' title='bbox 373 781 403 818; x_wconf 93' lang='lat' dir='ltr'><strong>se</strong></span> <span class='ocrx_word' id='word_1_30' title='bbox 412 764 631 834; x_wconf 72' lang='lat' dir='ltr'><strong>confugientibus</strong></span> <span class='ocrx_word' id='word_1_31' title='bbox 640 765 667 819; x_wconf 92' lang='lat' dir='ltr'><strong>in</strong></span> <span class='ocrx_word' id='word_1_32' title='bbox 676 765 808 834; x_wconf 71' lang='lat' dir='ltr'><strong>angustiis</strong></span> <span class='ocrx_word' id='word_1_33' title='bbox 819 766 876 818; x_wconf 84' lang='lat' dir='ltr'><strong>suis</strong></span> <span class='ocrx_word' id='word_1_34' title='bbox 887 765 1076 820; x_wconf 83' lang='lat' dir='ltr'><strong>fidelissimum</strong></span> <span class='ocrx_word' id='word_1_35' title='bbox 1086 766 1259 822; x_wconf 79' lang='lat' dir='ltr'>defensorem</span> <span class='ocrx_word' id='word_1_36' title='bbox 1274 769 1321 835; x_wconf 82' lang='lat' dir='ltr'><strong>(i).</strong></span> 
     </span>
    </p>
   </div>
   <div class='ocr_carea' id='block_1_3' title="bbox 314 1042 1300 1125">
    <p class='ocr_par' dir='ltr' id='par_1_3' title="bbox 314 1042 1300 1125">
     <span class='ocr_line' id='line_1_5' title="bbox 314 1042 1300 1125; baseline 0.002 -20"><span class='ocrx_word' id='word_1_37' title='bbox 314 1062 352 1106; x_wconf 85' lang='lat' dir='ltr'><strong>nn</strong></span> <span class='ocrx_word' id='word_1_38' title='bbox 374 1063 491 1106; x_wconf 72' lang='lat' dir='ltr'><strong>smera</strong></span> <span class='ocrx_word' id='word_1_39' title='bbox 513 1063 648 1107; x_wconf 79' lang='lat' dir='ltr'><strong>renunes</strong></span> <span class='ocrx_word' id='word_1_40' title='bbox 670 1062 799 1106; x_wconf 78' lang='lat' dir='ltr'><strong>viamus.</strong></span> <span class='ocrx_word' id='word_1_41' title='bbox 823 1042 901 1123; x_wconf 75' lang='lat' dir='ltr'><strong>(Cir.</strong></span> <span class='ocrx_word' id='word_1_42' title='bbox 922 1061 1031 1124; x_wconf 88' lang='lat' dir='ltr'><strong>supra,</strong></span> <span class='ocrx_word' id='word_1_43' title='bbox 1053 1061 1126 1125; x_wconf 80' lang='lat' dir='ltr'><strong>pag.</strong></span> <span class='ocrx_word' id='word_1_44' title='bbox 1148 1043 1198 1121; x_wconf 79' lang='lat'><strong>86,</strong></span> <span class='ocrx_word' id='word_1_45' title='bbox 1220 1044 1300 1124; x_wconf 73' lang='lat' dir='ltr'><strong>uia)</strong></span> 
     </span>
    </p>
   </div>
   <div class='ocr_carea' id='block_1_4' title="bbox 415 1243 1460 1323">
    <p class='ocr_par' dir='ltr' id='par_1_4' title="bbox 415 1243 1460 1323">
     <span class='ocr_line' id='line_1_6' title="bbox 415 1243 1460 1323; baseline -0.005 -17"><span class='ocrx_word' id='word_1_46' title='bbox 415 1243 544 1318; x_wconf 83' lang='lat' dir='ltr'><strong>Incipit</strong></span> <span class='ocrx_word' id='word_1_47' title='bbox 564 1243 644 1305; x_wconf 86' lang='lat' dir='ltr'><strong>vita</strong></span> <span class='ocrx_word' id='word_1_48' title='bbox 664 1246 802 1305; x_wconf 77' lang='lat' dir='ltr'><strong>sanctae</strong></span> <span class='ocrx_word' id='word_1_49' title='bbox 822 1244 1004 1316; x_wconf 68' lang='lat' dir='ltr'><strong>usnam</strong></span> <span class='ocrx_word' id='word_1_50' title='bbox 1025 1244 1190 1316; x_wconf 72' lang='lat' dir='ltr'><strong>virginis</strong></span> <span class='ocrx_word' id='word_1_51' title='bbox 1442 1274 1460 1323; x_wconf 62' lang='lat'><strong>5</strong></span> 
     </span>
    </p>
   </div>
   <div class='ocr_carea' id='block_1_5' title="bbox 189 1451 1469 4387">
    <p class='ocr_par' dir='ltr' id='par_1_5' title="bbox 189 1451 1469 3885">
     <span class='ocr_line' id='line_1_7' title="bbox 234 1451 1425 1523; baseline -0.002 -13"><span class='ocrx_word' id='word_1_52' title='bbox 234 1454 267 1510; x_wconf 89' lang='lat'><strong>1.</strong></span> <span class='ocrx_word' id='word_1_53' title='bbox 286 1455 385 1507; x_wconf 85' lang='lat' dir='ltr'><strong>Sancta</strong></span> <span class='ocrx_word' id='word_1_54' title='bbox 397 1453 537 1523; x_wconf 77' lang='lat' dir='ltr'><strong>Egburgis,</strong></span> <span class='ocrx_word' id='word_1_55' title='bbox 554 1452 713 1506; x_wconf 84' lang='lat' dir='ltr'><strong>Aroldensis</strong></span> <span class='ocrx_word' id='word_1_56' title='bbox 725 1452 846 1507; x_wconf 79' lang='lat' dir='ltr'><strong>ecclesia</strong></span> <span class='ocrx_word' id='word_1_57' title='bbox 859 1451 957 1517; x_wconf 89' lang='lat' dir='ltr'><strong>incola,</strong></span> <span class='ocrx_word' id='word_1_58' title='bbox 968 1451 1091 1520; x_wconf 90' lang='lat' dir='ltr'><strong>reliquiis</strong></span> <span class='ocrx_word' id='word_1_59' title='bbox 1103 1451 1215 1519; x_wconf 73' lang='lat' dir='ltr'><strong>pretiosi</strong></span> <span class='ocrx_word' id='word_1_60' title='bbox 1236 1454 1362 1521; x_wconf 86' lang='lat' dir='ltr'><strong>corporis</strong></span> <span class='ocrx_word' id='word_1_61' title='bbox 1381 1456 1425 1510; x_wconf 90' lang='lat' dir='ltr'><strong>sui</strong></span> 
     </span>
     <span class='ocr_line' id='line_1_8' title="bbox 190 1549 1425 1621; baseline 0 -15"><span class='ocrx_word' id='word_1_62' title='bbox 190 1553 219 1607; x_wconf 89' lang='lat' dir='ltr'><strong>in</strong></span> <span class='ocrx_word' id='word_1_63' title='bbox 230 1568 263 1606; x_wconf 87' lang='lat' dir='ltr'><strong>ea</strong></span> <span class='ocrx_word' id='word_1_64' title='bbox 274 1551 394 1621; x_wconf 82' lang='lat' dir='ltr'><strong>sepultis,</strong></span> <span class='ocrx_word' id='word_1_65' title='bbox 403 1549 501 1604; x_wconf 87' lang='lat' dir='ltr'><strong>anciila</strong></span> <span class='ocrx_word' id='word_1_66' title='bbox 510 1549 657 1618; x_wconf 90' lang='lat' dir='ltr'><strong>aliquando</strong></span> <span class='ocrx_word' id='word_1_67' title='bbox 670 1550 872 1604; x_wconf 89' lang='lat' dir='ltr'><strong>couterinarum</strong></span> <span class='ocrx_word' id='word_1_68' title='bbox 882 1552 1053 1620; x_wconf 74' lang='lat' dir='ltr'><strong>geminarum</strong></span> <span class='ocrx_word' id='word_1_69' title='bbox 1065 1551 1166 1604; x_wconf 86' lang='lat' dir='ltr'><strong>invilla</strong></span> <span class='ocrx_word' id='word_1_70' title='bbox 1177 1552 1305 1605; x_wconf 81' lang='lat' dir='ltr'><strong>Heleseen</strong></span> <span class='ocrx_word' id='word_1_71' title='bbox 1323 1553 1425 1606; x_wconf 80' lang='lat' dir='ltr'><strong>iuerat.</strong></span> 
     </span>
     <span class='ocr_line' id='line_1_9' title="bbox 189 1648 1425 1716; baseline 0.002 -14"><span class='ocrx_word' id='word_1_72' title='bbox 189 1649 310 1716; x_wconf 86' lang='lat' dir='ltr'><strong>Quarum</strong></span> <span class='ocrx_word' id='word_1_73' title='bbox 330 1665 384 1702; x_wconf 89' lang='lat' dir='ltr'><strong>una</strong></span> <span class='ocrx_word' id='word_1_74' title='bbox 402 1649 473 1702; x_wconf 89' lang='lat' dir='ltr'><strong>hane</strong></span> <span class='ocrx_word' id='word_1_75' title='bbox 493 1648 638 1701; x_wconf 75' lang='lat' dir='ltr'><strong>dilectione</strong></span> <span class='ocrx_word' id='word_1_76' title='bbox 658 1654 689 1702; x_wconf 94' lang='lat' dir='ltr'><strong>ut</strong></span> <span class='ocrx_word' id='word_1_77' title='bbox 711 1665 834 1703; x_wconf 89' lang='lat' dir='ltr'><strong>sororem</strong></span> <span class='ocrx_word' id='word_1_78' title='bbox 858 1650 988 1712; x_wconf 86' lang='lat' dir='ltr'><strong>iorebat;</strong></span> <span class='ocrx_word' id='word_1_79' title='bbox 1009 1650 1096 1703; x_wconf 88' lang='lat' dir='ltr'><strong>altera</strong></span> <span class='ocrx_word' id='word_1_80' title='bbox 1118 1666 1183 1704; x_wconf 89' lang='lat' dir='ltr'><strong>vero</strong></span> <span class='ocrx_word' id='word_1_81' title='bbox 1206 1650 1308 1704; x_wconf 88' lang='lat' dir='ltr'><strong>dicitur</strong></span> <span class='ocrx_word' id='word_1_82' title='bbox 1330 1653 1425 1705; x_wconf 87' lang='lat' dir='ltr'><strong>osorie</strong></span> 
     </span>
     <span class='ocr_line' id='line_1_10' title="bbox 189 1746 1424 1816; baseline 0.002 -16"><span class='ocrx_word' id='word_1_83' title='bbox 189 1747 277 1816; x_wconf 84' lang='lat' dir='ltr'><strong>ipsam</strong></span> <span class='ocrx_word' id='word_1_84' title='bbox 296 1747 434 1800; x_wconf 88' lang='lat' dir='ltr'><strong>habuisse.</strong></span> <span class='ocrx_word' id='word_1_85' title='bbox 454 1746 606 1801; x_wconf 88' lang='lat' dir='ltr'><strong>Gratiosior</strong></span> <span class='ocrx_word' id='word_1_86' title='bbox 624 1752 717 1800; x_wconf 89' lang='lat' dir='ltr'><strong>autem</strong></span> <span class='ocrx_word' id='word_1_87' title='bbox 737 1748 778 1801; x_wconf 90' lang='lat' dir='ltr'><strong>illi</strong></span> <span class='ocrx_word' id='word_1_88' title='bbox 795 1747 925 1801; x_wconf 88' lang='lat' dir='ltr'><strong>divinitus</strong></span> <span class='ocrx_word' id='word_1_89' title='bbox 944 1754 1067 1811; x_wconf 81' lang='lat' dir='ltr'><strong>evocata,</strong></span> <span class='ocrx_word' id='word_1_90' title='bbox 1080 1748 1202 1802; x_wconf 90' lang='lat' dir='ltr'><strong>debitum</strong></span> <span class='ocrx_word' id='word_1_91' title='bbox 1221 1749 1312 1803; x_wconf 88' lang='lat' dir='ltr'><strong>carnis</strong></span> <span class='ocrx_word' id='word_1_92' title='bbox 1324 1750 1424 1805; x_wconf 89' lang='lat' dir='ltr'><strong>obiens</strong></span> 
     </span>
     <span class='ocr_line' id='line_1_11' title="bbox 189 1846 1469 1915; baseline 0.002 -15"><span class='ocrx_word' id='word_1_93' title='bbox 189 1847 313 1912; x_wconf 80' lang='lat' dir='ltr'><strong>exsolvit,</strong></span> <span class='ocrx_word' id='word_1_94' title='bbox 333 1846 445 1900; x_wconf 85' lang='lat' dir='ltr'><strong>invisior</strong></span> <span class='ocrx_word' id='word_1_95' title='bbox 469 1852 561 1900; x_wconf 88' lang='lat' dir='ltr'><strong>autem</strong></span> <span class='ocrx_word' id='word_1_96' title='bbox 582 1847 608 1900; x_wconf 88' lang='lat' dir='ltr'><strong>ei</strong></span> <span class='ocrx_word' id='word_1_97' title='bbox 631 1852 775 1915; x_wconf 70' lang='lat' dir='ltr'><strong>superstes</strong></span> <span class='ocrx_word' id='word_1_98' title='bbox 796 1848 866 1902; x_wconf 87' lang='lat' dir='ltr'><strong>sicut</strong></span> <span class='ocrx_word' id='word_1_99' title='bbox 883 1849 972 1902; x_wconf 90' lang='lat' dir='ltr'><strong>solent</strong></span> <span class='ocrx_word' id='word_1_100' title='bbox 991 1849 1105 1913; x_wconf 66' lang='lat' dir='ltr'><strong>aemulae,</strong></span> <span class='ocrx_word' id='word_1_101' title='bbox 1125 1849 1264 1903; x_wconf 89' lang='lat' dir='ltr'><strong>nonnullis</strong></span> <span class='ocrx_word' id='word_1_102' title='bbox 1283 1848 1425 1903; x_wconf 83' lang='lat' dir='ltr'><strong>afficiebat</strong></span> <span class='ocrx_word' id='word_1_103' title='bbox 1443 1864 1469 1915; x_wconf 74' lang='lat' dir='ltr'><strong>tq</strong></span> 
     </span>
     <span class='ocr_line' id='line_1_12' title="bbox 190 1945 1424 2016; baseline 0.003 -17"><span class='ocrx_word' id='word_1_104' title='bbox 190 1945 449 2016; x_wconf 88' lang='lat' dir='ltr'><strong>importunitatibus.</strong></span> <span class='ocrx_word' id='word_1_105' title='bbox 460 1946 525 1999; x_wconf 81' lang='lat' dir='ltr'><strong>Haec</strong></span> <span class='ocrx_word' id='word_1_106' title='bbox 541 1963 605 2000; x_wconf 81' lang='lat' dir='ltr'><strong>vero</strong></span> <span class='ocrx_word' id='word_1_107' title='bbox 618 1963 673 2001; x_wconf 89' lang='lat' dir='ltr'><strong>non</strong></span> <span class='ocrx_word' id='word_1_108' title='bbox 685 1946 748 2000; x_wconf 87' lang='lat' dir='ltr'><strong>inde</strong></span> <span class='ocrx_word' id='word_1_109' title='bbox 761 1947 847 2000; x_wconf 88' lang='lat' dir='ltr'><strong>invise</strong></span> <span class='ocrx_word' id='word_1_110' title='bbox 860 1948 885 2000; x_wconf 92' lang='lat' dir='ltr'><strong>ei</strong></span> <span class='ocrx_word' id='word_1_111' title='bbox 897 1948 1109 2016; x_wconf 78' lang='lat' dir='ltr'><strong>obsequebatur,</strong></span> <span class='ocrx_word' id='word_1_112' title='bbox 1122 1948 1169 2001; x_wconf 91' lang='lat' dir='ltr'><strong>sed</strong></span> <span class='ocrx_word' id='word_1_113' title='bbox 1182 1948 1259 2002; x_wconf 89' lang='lat' dir='ltr'><strong>omni</strong></span> <span class='ocrx_word' id='word_1_114' title='bbox 1271 1948 1424 2003; x_wconf 85' lang='lat' dir='ltr'><strong>devotione</strong></span> 
     </span>
     <span class='ocr_line' id='line_1_13' title="bbox 190 2044 1422 2116; baseline 0.002 -18"><span class='ocrx_word' id='word_1_115' title='bbox 190 2062 239 2115; x_wconf 86' lang='lat' dir='ltr'><strong>pro</strong></span> <span class='ocrx_word' id='word_1_116' title='bbox 252 2045 299 2099; x_wconf 92' lang='lat' dir='ltr'><strong>Dei</strong></span> <span class='ocrx_word' id='word_1_117' title='bbox 309 2062 404 2099; x_wconf 88' lang='lat' dir='ltr'><strong>amore</strong></span> <span class='ocrx_word' id='word_1_118' title='bbox 412 2044 496 2098; x_wconf 88' lang='lat' dir='ltr'><strong>debiti</strong></span> <span class='ocrx_word' id='word_1_119' title='bbox 507 2045 657 2099; x_wconf 77' lang='lat' dir='ltr'><strong>famulatus</strong></span> <span class='ocrx_word' id='word_1_120' title='bbox 668 2062 779 2114; x_wconf 87' lang='lat' dir='ltr'><strong>operam</strong></span> <span class='ocrx_word' id='word_1_121' title='bbox 790 2048 985 2114; x_wconf 76' lang='lat' dir='ltr'><strong>exequebatur.</strong></span> <span class='ocrx_word' id='word_1_122' title='bbox 993 2047 1131 2116; x_wconf 91' lang='lat' dir='ltr'><strong>Disposito</strong></span> <span class='ocrx_word' id='word_1_123' title='bbox 1141 2064 1206 2101; x_wconf 82' lang='lat' dir='ltr'><strong>vero</strong></span> <span class='ocrx_word' id='word_1_124' title='bbox 1217 2047 1251 2101; x_wconf 92' lang='lat' dir='ltr'><strong>ad</strong></span> <span class='ocrx_word' id='word_1_125' title='bbox 1261 2064 1422 2101; x_wconf 86' lang='lat' dir='ltr'><strong>mensuram</strong></span> 
     </span>
     <span class='ocr_line' id='line_1_14' title="bbox 191 2143 1423 2214; baseline 0.004 -19"><span class='ocrx_word' id='word_1_126' title='bbox 191 2148 269 2211; x_wconf 86' lang='lat' dir='ltr'><strong>pastu</strong></span> <span class='ocrx_word' id='word_1_127' title='bbox 281 2143 394 2197; x_wconf 83' lang='lat' dir='ltr'><strong>samario</strong></span> <span class='ocrx_word' id='word_1_128' title='bbox 406 2161 423 2196; x_wconf 93' lang='lat' dir='ltr'><strong>a</strong></span> <span class='ocrx_word' id='word_1_129' title='bbox 432 2144 544 2197; x_wconf 90' lang='lat' dir='ltr'><strong>domina</strong></span> <span class='ocrx_word' id='word_1_130' title='bbox 553 2160 601 2197; x_wconf 91' lang='lat' dir='ltr'><strong>sua</strong></span> <span class='ocrx_word' id='word_1_131' title='bbox 614 2144 829 2207; x_wconf 74' lang='lat' dir='ltr'><strong>sustentabatur,</strong></span> <span class='ocrx_word' id='word_1_132' title='bbox 840 2145 938 2213; x_wconf 87' lang='lat' dir='ltr'><strong>dequo</strong></span> <span class='ocrx_word' id='word_1_133' title='bbox 951 2145 1126 2213; x_wconf 81' lang='lat' dir='ltr'><strong>impaniircio,</strong></span> <span class='ocrx_word' id='word_1_134' title='bbox 1137 2162 1217 2214; x_wconf 88' lang='lat' dir='ltr'><strong>quem</strong></span> <span class='ocrx_word' id='word_1_135' title='bbox 1232 2145 1354 2200; x_wconf 71' lang='lat' dir='ltr'><strong>dominas</strong></span> <span class='ocrx_word' id='word_1_136' title='bbox 1365 2163 1423 2200; x_wconf 79' lang='lat' dir='ltr'><strong>sua</strong></span> 
     </span>
     <span class='ocr_line' id='line_1_15' title="bbox 191 2241 1424 2309; baseline 0.002 -14"><span class='ocrx_word' id='word_1_137' title='bbox 191 2245 309 2304; x_wconf 81' lang='lat' dir='ltr'><strong>coxerat,</strong></span> <span class='ocrx_word' id='word_1_138' title='bbox 322 2257 406 2308; x_wconf 91' lang='lat' dir='ltr'><strong>panes</strong></span> <span class='ocrx_word' id='word_1_139' title='bbox 423 2241 456 2293; x_wconf 87' lang='lat' dir='ltr'><strong>de</strong></span> <span class='ocrx_word' id='word_1_140' title='bbox 474 2258 524 2294; x_wconf 90' lang='lat' dir='ltr'><strong>suo</strong></span> <span class='ocrx_word' id='word_1_141' title='bbox 542 2241 669 2295; x_wconf 90' lang='lat' dir='ltr'><strong>instituto</strong></span> <span class='ocrx_word' id='word_1_142' title='bbox 688 2258 736 2309; x_wconf 89' lang='lat' dir='ltr'><strong>pro</strong></span> <span class='ocrx_word' id='word_1_143' title='bbox 754 2241 825 2294; x_wconf 75' lang='lat' dir='ltr'><strong>uelle</strong></span> <span class='ocrx_word' id='word_1_144' title='bbox 841 2241 961 2309; x_wconf 86' lang='lat' dir='ltr'><strong>majores</strong></span> <span class='ocrx_word' id='word_1_145' title='bbox 979 2247 1027 2295; x_wconf 93' lang='lat' dir='ltr'><strong>aut</strong></span> <span class='ocrx_word' id='word_1_146' title='bbox 1044 2242 1165 2295; x_wconf 85' lang='lat' dir='ltr'><strong>minores</strong></span> <span class='ocrx_word' id='word_1_147' title='bbox 1183 2242 1260 2306; x_wconf 88' lang='lat' dir='ltr'><strong>iecit;</strong></span> <span class='ocrx_word' id='word_1_148' title='bbox 1279 2248 1307 2297; x_wconf 92' lang='lat' dir='ltr'><strong>et</strong></span> <span class='ocrx_word' id='word_1_149' title='bbox 1324 2244 1424 2298; x_wconf 86' lang='lat' dir='ltr'><strong>exinde</strong></span> 
     </span>
     <span class='ocr_line' id='line_1_16' title="bbox 190 2339 1469 2409; baseline 0.002 -16"><span class='ocrx_word' id='word_1_150' title='bbox 190 2340 271 2394; x_wconf 92' lang='lat' dir='ltr'><strong>soriis</strong></span> <span class='ocrx_word' id='word_1_151' title='bbox 284 2339 393 2393; x_wconf 88' lang='lat' dir='ltr'><strong>Domini</strong></span> <span class='ocrx_word' id='word_1_152' title='bbox 404 2339 581 2392; x_wconf 89' lang='lat' dir='ltr'><strong>rememorari</strong></span> <span class='ocrx_word' id='word_1_153' title='bbox 595 2356 650 2392; x_wconf 93' lang='lat' dir='ltr'><strong>non</strong></span> <span class='ocrx_word' id='word_1_154' title='bbox 660 2339 823 2408; x_wconf 84' lang='lat' dir='ltr'><strong>postposuit,</strong></span> <span class='ocrx_word' id='word_1_155' title='bbox 832 2339 897 2408; x_wconf 89' lang='lat' dir='ltr'><strong>quin</strong></span> <span class='ocrx_word' id='word_1_156' title='bbox 908 2339 1006 2394; x_wconf 84' lang='lat' dir='ltr'><strong>exinde</strong></span> <span class='ocrx_word' id='word_1_157' title='bbox 1018 2341 1057 2394; x_wconf 90' lang='lat' dir='ltr'><strong>eis</strong></span> <span class='ocrx_word' id='word_1_158' title='bbox 1069 2342 1117 2409; x_wconf 91' lang='lat' dir='ltr'><strong>qui</strong></span> <span class='ocrx_word' id='word_1_159' title='bbox 1129 2340 1226 2395; x_wconf 86' lang='lat' dir='ltr'><strong>altario</strong></span> <span class='ocrx_word' id='word_1_160' title='bbox 1236 2341 1360 2396; x_wconf 73' lang='lat' dir='ltr'><strong>ecclesia</strong></span> <span class='ocrx_word' id='word_1_161' title='bbox 1368 2358 1425 2396; x_wconf 79' lang='lat' dir='ltr'><strong>suae</strong></span> <span class='ocrx_word' id='word_1_162' title='bbox 1443 2358 1469 2406; x_wconf 70' lang='lat' dir='ltr'><strong>ia</strong></span> 
     </span>
     <span class='ocr_line' id='line_1_17' title="bbox 190 2438 1422 2509; baseline 0.001 -15"><span class='ocrx_word' id='word_1_163' title='bbox 190 2440 366 2503; x_wconf 81' lang='lat' dir='ltr'><strong>deservirent,</strong></span> <span class='ocrx_word' id='word_1_164' title='bbox 379 2445 460 2507; x_wconf 88' lang='lat' dir='ltr'><strong>prout</strong></span> <span class='ocrx_word' id='word_1_165' title='bbox 472 2438 587 2493; x_wconf 85' lang='lat' dir='ltr'><strong>facultas</strong></span> <span class='ocrx_word' id='word_1_166' title='bbox 605 2443 769 2509; x_wconf 86' lang='lat' dir='ltr'><strong>suppeteret,</strong></span> <span class='ocrx_word' id='word_1_167' title='bbox 785 2440 911 2494; x_wconf 88' lang='lat' dir='ltr'><strong>deferret.</strong></span> <span class='ocrx_word' id='word_1_168' title='bbox 929 2440 1046 2493; x_wconf 87' lang='lat' dir='ltr'><strong>Domina</strong></span> <span class='ocrx_word' id='word_1_169' title='bbox 1059 2457 1123 2494; x_wconf 84' lang='lat' dir='ltr'><strong>vero</strong></span> <span class='ocrx_word' id='word_1_170' title='bbox 1143 2457 1193 2494; x_wconf 89' lang='lat' dir='ltr'><strong>sua</strong></span> <span class='ocrx_word' id='word_1_171' title='bbox 1209 2441 1276 2494; x_wconf 90' lang='lat' dir='ltr'><strong>dum</strong></span> <span class='ocrx_word' id='word_1_172' title='bbox 1290 2443 1326 2495; x_wconf 93' lang='lat' dir='ltr'><strong>ad</strong></span> <span class='ocrx_word' id='word_1_173' title='bbox 1338 2441 1422 2495; x_wconf 77' lang='lat' dir='ltr'><strong>eccle</strong></span> 
     </span>
     <span class='ocr_line' id='line_1_18' title="bbox 191 2531 1423 2607; baseline 0.003 -16"><span class='ocrx_word' id='word_1_174' title='bbox 191 2531 264 2591; x_wconf 73' lang='lat' dir='ltr'><strong>siam&#39;</strong></span> <span class='ocrx_word' id='word_1_175' title='bbox 273 2538 301 2592; x_wconf 93' lang='lat' dir='ltr'><strong>in</strong></span> <span class='ocrx_word' id='word_1_176' title='bbox 313 2538 442 2591; x_wconf 86' lang='lat' dir='ltr'><strong>basterna</strong></span> <span class='ocrx_word' id='word_1_177' title='bbox 450 2538 503 2592; x_wconf 90' lang='lat' dir='ltr'><strong>iter</strong></span> <span class='ocrx_word' id='word_1_178' title='bbox 513 2543 612 2607; x_wconf 74' lang='lat' dir='ltr'><strong>ageret,</strong></span> <span class='ocrx_word' id='word_1_179' title='bbox 625 2538 710 2607; x_wconf 85' lang='lat' dir='ltr'><strong>ipsam</strong></span> <span class='ocrx_word' id='word_1_180' title='bbox 723 2555 816 2592; x_wconf 89' lang='lat' dir='ltr'><strong>secum</strong></span> <span class='ocrx_word' id='word_1_181' title='bbox 828 2539 977 2593; x_wconf 82' lang='lat' dir='ltr'><strong>consedere</strong></span> <span class='ocrx_word' id='word_1_182' title='bbox 994 2538 1065 2592; x_wconf 79' lang='lat' dir='ltr'><strong>iecit.</strong></span> <span class='ocrx_word' id='word_1_183' title='bbox 1079 2539 1162 2607; x_wconf 85' lang='lat' dir='ltr'><strong>Cujus</strong></span> <span class='ocrx_word' id='word_1_184' title='bbox 1174 2556 1321 2594; x_wconf 87' lang='lat' dir='ltr'><strong>crumenas</strong></span> <span class='ocrx_word' id='word_1_185' title='bbox 1334 2547 1365 2595; x_wconf 91' lang='lat' dir='ltr'><strong>ut</strong></span> <span class='ocrx_word' id='word_1_186' title='bbox 1376 2542 1423 2596; x_wconf 92' lang='lat' dir='ltr'><strong>ali·</strong></span> 
     </span>
     <span class='ocr_line' id='line_1_19' title="bbox 191 2637 1423 2706; baseline 0.003 -16"><span class='ocrx_word' id='word_1_187' title='bbox 191 2641 294 2706; x_wconf 90' lang='lat' dir='ltr'><strong>quanto</strong></span> <span class='ocrx_word' id='word_1_188' title='bbox 307 2654 340 2690; x_wconf 86' lang='lat' dir='ltr'><strong>ex</strong></span> <span class='ocrx_word' id='word_1_189' title='bbox 353 2637 512 2705; x_wconf 88' lang='lat' dir='ltr'><strong>impletione</strong></span> <span class='ocrx_word' id='word_1_190' title='bbox 528 2637 692 2706; x_wconf 73' lang='lat' dir='ltr'><strong>turgidiores</strong></span> <span class='ocrx_word' id='word_1_191' title='bbox 709 2638 823 2706; x_wconf 83' lang='lat' dir='ltr'><strong>aspexit.</strong></span> <span class='ocrx_word' id='word_1_192' title='bbox 837 2637 902 2706; x_wconf 90' lang='lat' dir='ltr'><strong>quid</strong></span> <span class='ocrx_word' id='word_1_193' title='bbox 914 2638 996 2690; x_wconf 86' lang='lat' dir='ltr'><strong>ierret</strong></span> <span class='ocrx_word' id='word_1_194' title='bbox 1009 2639 1246 2706; x_wconf 85' lang='lat' dir='ltr'><strong>percunctabatur,</strong></span> <span class='ocrx_word' id='word_1_195' title='bbox 1258 2639 1354 2693; x_wconf 88' lang='lat' dir='ltr'><strong>dicens</strong></span> <span class='ocrx_word' id='word_1_196' title='bbox 1371 2641 1423 2694; x_wconf 86' lang='lat' dir='ltr'><strong>sibi</strong></span> 
     </span>
     <span class='ocr_line' id='line_1_20' title="bbox 190 2736 1422 2805; baseline 0.002 -16"><span class='ocrx_word' id='word_1_197' title='bbox 190 2751 253 2789; x_wconf 87' lang='lat' dir='ltr'><strong>eam</strong></span> <span class='ocrx_word' id='word_1_198' title='bbox 264 2736 368 2789; x_wconf 88' lang='lat' dir='ltr'><strong>iurium</strong></span> <span class='ocrx_word' id='word_1_199' title='bbox 380 2736 485 2789; x_wconf 87' lang='lat' dir='ltr'><strong>iecisse.</strong></span> <span class='ocrx_word' id='word_1_200' title='bbox 503 2736 563 2803; x_wconf 87' lang='lat' dir='ltr'><strong>Qua</strong></span> <span class='ocrx_word' id='word_1_201' title='bbox 575 2736 602 2788; x_wconf 92' lang='lat' dir='ltr'><strong>id</strong></span> <span class='ocrx_word' id='word_1_202' title='bbox 614 2741 738 2805; x_wconf 76' lang='lat' dir='ltr'><strong>negante,</strong></span> <span class='ocrx_word' id='word_1_203' title='bbox 750 2737 963 2805; x_wconf 85' lang='lat' dir='ltr'><strong>appendentium</strong></span> <span class='ocrx_word' id='word_1_204' title='bbox 981 2736 1150 2790; x_wconf 82' lang='lat' dir='ltr'><strong>feminarum</strong></span> <span class='ocrx_word' id='word_1_205' title='bbox 1163 2742 1320 2791; x_wconf 88' lang='lat' dir='ltr'><strong>nostrarum</strong></span> <span class='ocrx_word' id='word_1_206' title='bbox 1339 2738 1422 2791; x_wconf 88' lang='lat' dir='ltr'><strong>telam</strong></span> 
     </span>
     <span class='ocr_line' id='line_1_21' title="bbox 191 2832 1467 2903; baseline 0.002 -18"><span class='ocrx_word' id='word_1_207' title='bbox 191 2848 251 2885; x_wconf 85' lang='lat' dir='ltr'><strong>esse</strong></span> <span class='ocrx_word' id='word_1_208' title='bbox 268 2832 344 2886; x_wconf 85' lang='lat' dir='ltr'><strong>dixit.</strong></span> <span class='ocrx_word' id='word_1_209' title='bbox 362 2832 410 2886; x_wconf 85' lang='lat' dir='ltr'><strong>Cui</strong></span> <span class='ocrx_word' id='word_1_210' title='bbox 423 2833 551 2886; x_wconf 89' lang='lat' dir='ltr'><strong>domina:</strong></span> <span class='ocrx_word' id='word_1_211' title='bbox 565 2834 638 2886; x_wconf 85' lang='lat' dir='ltr'><strong>Num</strong></span> <span class='ocrx_word' id='word_1_212' title='bbox 650 2851 696 2898; x_wconf 88' lang='lat' dir='ltr'><strong>me,</strong></span> <span class='ocrx_word' id='word_1_213' title='bbox 709 2834 804 2902; x_wconf 88' lang='lat' dir='ltr'><strong>inquit,</strong></span> <span class='ocrx_word' id='word_1_214' title='bbox 816 2837 855 2886; x_wconf 78' lang='lat' dir='ltr'><strong>sic</strong></span> <span class='ocrx_word' id='word_1_215' title='bbox 866 2835 946 2887; x_wconf 79' lang='lat' dir='ltr'><strong>bobes</strong></span> <span class='ocrx_word' id='word_1_216' title='bbox 958 2842 986 2886; x_wconf 86' lang='lat' dir='ltr'><strong>ut</strong></span> <span class='ocrx_word' id='word_1_217' title='bbox 1004 2835 1102 2900; x_wconf 74' lang='lat' dir='ltr'><strong>saliere</strong></span> <span class='ocrx_word' id='word_1_218' title='bbox 1113 2839 1218 2902; x_wconf 72' lang='lat' dir='ltr'><strong>queas?</strong></span> <span class='ocrx_word' id='word_1_219' title='bbox 1235 2834 1339 2903; x_wconf 86' lang='lat' dir='ltr'><strong>Rapuit</strong></span> <span class='ocrx_word' id='word_1_220' title='bbox 1358 2850 1422 2903; x_wconf 71' lang='lat' dir='ltr'><strong>erpo</strong></span> <span class='ocrx_word' id='word_1_221' title='bbox 1437 2848 1467 2898; x_wconf 71' lang='grc' dir='ltr'><strong>ιο</strong></span> 
     </span>
     <span class='ocr_line' id='line_1_22' title="bbox 191 2932 1423 3003; baseline 0.002 -18"><span class='ocrx_word' id='word_1_222' title='bbox 191 2932 322 2986; x_wconf 88' lang='lat' dir='ltr'><strong>amictum</strong></span> <span class='ocrx_word' id='word_1_223' title='bbox 339 2934 406 3000; x_wconf 86' lang='lat' dir='ltr'><strong>ejus,</strong></span> <span class='ocrx_word' id='word_1_224' title='bbox 415 2932 574 3001; x_wconf 82' lang='lat' dir='ltr'><strong>explorandi</strong></span> <span class='ocrx_word' id='word_1_225' title='bbox 586 2934 680 3002; x_wconf 76' lang='lat' dir='ltr'><strong>gratia.</strong></span> <span class='ocrx_word' id='word_1_226' title='bbox 693 2933 811 3002; x_wconf 78' lang='lat' dir='ltr'><strong>Exploso</strong></span> <span class='ocrx_word' id='word_1_227' title='bbox 824 2949 887 3002; x_wconf 76' lang='lat' dir='ltr'><strong>erqo</strong></span> <span class='ocrx_word' id='word_1_228' title='bbox 900 2949 942 2997; x_wconf 89' lang='lat' dir='ltr'><strong>eo,</strong></span> <span class='ocrx_word' id='word_1_229' title='bbox 954 2949 1010 2986; x_wconf 91' lang='lat' dir='ltr'><strong>non</strong></span> <span class='ocrx_word' id='word_1_230' title='bbox 1029 2933 1103 2987; x_wconf 90' lang='lat' dir='ltr'><strong>aliud</strong></span> <span class='ocrx_word' id='word_1_231' title='bbox 1121 2950 1205 3002; x_wconf 87' lang='lat' dir='ltr'><strong>quam</strong></span> <span class='ocrx_word' id='word_1_232' title='bbox 1223 2935 1299 3003; x_wconf 94' lang='lat' dir='ltr'><strong>quod</strong></span> <span class='ocrx_word' id='word_1_233' title='bbox 1317 2935 1423 2989; x_wconf 84' lang='lat' dir='ltr'><strong>dixerat</strong></span> 
     </span>
     <span class='ocr_line' id='line_1_23' title="bbox 191 3032 1424 3101; baseline 0.002 -16"><span class='ocrx_word' id='word_1_234' title='bbox 191 3032 318 3101; x_wconf 82' lang='lat' dir='ltr'><strong>repperit.</strong></span> <span class='ocrx_word' id='word_1_235' title='bbox 332 3032 393 3086; x_wconf 81' lang='lat' dir='ltr'><strong>Alio</strong></span> <span class='ocrx_word' id='word_1_236' title='bbox 405 3032 724 3101; x_wconf 87' lang='lat' dir='ltr'><strong>nihilominnstempore,</strong></span> <span class='ocrx_word' id='word_1_237' title='bbox 736 3033 847 3100; x_wconf 89' lang='lat' dir='ltr'><strong>quando</strong></span> <span class='ocrx_word' id='word_1_238' title='bbox 866 3033 989 3086; x_wconf 91' lang='lat' dir='ltr'><strong>nondum</strong></span> <span class='ocrx_word' id='word_1_239' title='bbox 1008 3049 1092 3100; x_wconf 91' lang='lat' dir='ltr'><strong>panes</strong></span> <span class='ocrx_word' id='word_1_240' title='bbox 1110 3038 1229 3095; x_wconf 88' lang='lat' dir='ltr'><strong>coxerat,</strong></span> <span class='ocrx_word' id='word_1_241' title='bbox 1247 3033 1350 3088; x_wconf 89' lang='lat' dir='ltr'><strong>horum</strong></span> <span class='ocrx_word' id='word_1_242' title='bbox 1365 3035 1424 3088; x_wconf 87' lang='lat' dir='ltr'><strong>vice</strong></span> 
     </span>
     <span class='ocr_line' id='line_1_24' title="bbox 194 3130 1424 3201; baseline 0.002 -16"><span class='ocrx_word' id='word_1_243' title='bbox 194 3131 310 3185; x_wconf 71' lang='lat' dir='ltr'><strong>ianuam</strong></span> <span class='ocrx_word' id='word_1_244' title='bbox 321 3147 415 3185; x_wconf 87' lang='lat' dir='ltr'><strong>seeum</strong></span> <span class='ocrx_word' id='word_1_245' title='bbox 427 3131 525 3185; x_wconf 89' lang='lat' dir='ltr'><strong>detulit</strong></span> <span class='ocrx_word' id='word_1_246' title='bbox 536 3132 571 3184; x_wconf 94' lang='lat' dir='ltr'><strong>ad</strong></span> <span class='ocrx_word' id='word_1_247' title='bbox 582 3131 734 3185; x_wconf 88' lang='lat' dir='ltr'><strong>ecclesiam.</strong></span> <span class='ocrx_word' id='word_1_248' title='bbox 744 3131 810 3198; x_wconf 77' lang='lat' dir='ltr'><strong>Qum</strong></span> <span class='ocrx_word' id='word_1_249' title='bbox 818 3130 943 3184; x_wconf 89' lang='lat' dir='ltr'><strong>similiter</strong></span> <span class='ocrx_word' id='word_1_250' title='bbox 955 3131 1093 3185; x_wconf 89' lang='lat' dir='ltr'><strong>adomina</strong></span> <span class='ocrx_word' id='word_1_251' title='bbox 1102 3149 1152 3185; x_wconf 89' lang='lat' dir='ltr'><strong>sua</strong></span> <span class='ocrx_word' id='word_1_252' title='bbox 1161 3136 1191 3184; x_wconf 91' lang='lat' dir='ltr'><strong>ut</strong></span> <span class='ocrx_word' id='word_1_253' title='bbox 1202 3133 1329 3201; x_wconf 92' lang='lat' dir='ltr'><strong>superius</strong></span> <span class='ocrx_word' id='word_1_254' title='bbox 1342 3132 1424 3187; x_wconf 88' lang='lat' dir='ltr'><strong>inter·</strong></span> 
     </span>
     <span class='ocr_line' id='line_1_25' title="bbox 193 3229 1424 3299; baseline 0.003 -17"><span class='ocrx_word' id='word_1_255' title='bbox 193 3234 296 3297; x_wconf 72' lang='lat' dir='ltr'><strong>rogata,</strong></span> <span class='ocrx_word' id='word_1_256' title='bbox 307 3230 411 3283; x_wconf 90' lang='lat' dir='ltr'><strong>cineres</strong></span> <span class='ocrx_word' id='word_1_257' title='bbox 423 3230 482 3283; x_wconf 89' lang='lat' dir='ltr'><strong>iore</strong></span> <span class='ocrx_word' id='word_1_258' title='bbox 494 3231 642 3283; x_wconf 85' lang='lat' dir='ltr'><strong>astruebat.</strong></span> <span class='ocrx_word' id='word_1_259' title='bbox 655 3229 772 3283; x_wconf 88' lang='lat' dir='ltr'><strong>Domina</strong></span> <span class='ocrx_word' id='word_1_260' title='bbox 782 3230 875 3283; x_wconf 90' lang='lat' dir='ltr'><strong>itidem</strong></span> <span class='ocrx_word' id='word_1_261' title='bbox 890 3231 949 3297; x_wconf 91' lang='lat' dir='ltr'><strong>ejus</strong></span> <span class='ocrx_word' id='word_1_262' title='bbox 961 3231 1027 3299; x_wconf 90' lang='lat' dir='ltr'><strong>quid</strong></span> <span class='ocrx_word' id='word_1_263' title='bbox 1038 3231 1120 3284; x_wconf 83' lang='lat' dir='ltr'><strong>terret</strong></span> <span class='ocrx_word' id='word_1_264' title='bbox 1132 3230 1308 3299; x_wconf 85' lang='lat' dir='ltr'><strong>perlustrans,</strong></span> <span class='ocrx_word' id='word_1_265' title='bbox 1317 3232 1424 3286; x_wconf 88' lang='lat' dir='ltr'><strong>cineres</strong></span> 
     </span>
     <span class='ocr_line' id='line_1_26' title="bbox 194 3328 1469 3397; baseline 0.002 -16"><span class='ocrx_word' id='word_1_266' title='bbox 194 3344 253 3381; x_wconf 89' lang='lat' dir='ltr'><strong>esse</strong></span> <span class='ocrx_word' id='word_1_267' title='bbox 275 3329 348 3396; x_wconf 92' lang='lat' dir='ltr'><strong>quod</strong></span> <span class='ocrx_word' id='word_1_268' title='bbox 369 3328 474 3382; x_wconf 90' lang='lat' dir='ltr'><strong>ierebai</strong></span> <span class='ocrx_word' id='word_1_269' title='bbox 494 3329 681 3397; x_wconf 88' lang='lat' dir='ltr'><strong>deprehendit.</strong></span> <span class='ocrx_word' id='word_1_270' title='bbox 704 3329 772 3381; x_wconf 88' lang='lat' dir='ltr'><strong>Cum</strong></span> <span class='ocrx_word' id='word_1_271' title='bbox 791 3333 882 3381; x_wconf 87' lang='lat' dir='ltr'><strong>autem</strong></span> <span class='ocrx_word' id='word_1_272' title='bbox 901 3333 997 3382; x_wconf 86' lang='lat' dir='ltr'><strong>sancta</strong></span> <span class='ocrx_word' id='word_1_273' title='bbox 1017 3328 1148 3397; x_wconf 77' lang='lat' dir='ltr'><strong>Egburgis</strong></span> <span class='ocrx_word' id='word_1_274' title='bbox 1168 3330 1202 3383; x_wconf 90' lang='lat' dir='ltr'><strong>ad</strong></span> <span class='ocrx_word' id='word_1_275' title='bbox 1224 3330 1315 3384; x_wconf 91' lang='lat' dir='ltr'><strong>locum</strong></span> <span class='ocrx_word' id='word_1_276' title='bbox 1342 3331 1423 3386; x_wconf 91' lang='lat' dir='ltr'><strong>dandi</strong></span> <span class='ocrx_word' id='word_1_277' title='bbox 1439 3342 1469 3391; x_wconf 69' lang='lat'><strong>25</strong></span> 
     </span>
     <span class='ocr_line' id='line_1_27' title="bbox 194 3426 1425 3497; baseline 0.005 -18"><span class='ocrx_word' id='word_1_278' title='bbox 194 3426 312 3491; x_wconf 87' lang='lat' dir='ltr'><strong>devenit,</strong></span> <span class='ocrx_word' id='word_1_279' title='bbox 332 3428 472 3495; x_wconf 91' lang='lat' dir='ltr'><strong>quomodo</strong></span> <span class='ocrx_word' id='word_1_280' title='bbox 493 3428 641 3481; x_wconf 81' lang='lat' dir='ltr'><strong>advexerat</strong></span> <span class='ocrx_word' id='word_1_281' title='bbox 660 3428 775 3480; x_wconf 86' lang='lat' dir='ltr'><strong>farinam</strong></span> <span class='ocrx_word' id='word_1_282' title='bbox 794 3428 885 3481; x_wconf 72' lang='lat' dir='ltr'><strong>dabat.</strong></span> <span class='ocrx_word' id='word_1_283' title='bbox 903 3427 979 3481; x_wconf 85' lang='lat' dir='ltr'><strong>Talia</strong></span> <span class='ocrx_word' id='word_1_284' title='bbox 1001 3427 1049 3481; x_wconf 94' lang='lat' dir='ltr'><strong>Dei</strong></span> <span class='ocrx_word' id='word_1_285' title='bbox 1066 3428 1153 3497; x_wconf 76' lang='lat' dir='ltr'><strong>gratia</strong></span> <span class='ocrx_word' id='word_1_286' title='bbox 1170 3445 1219 3497; x_wconf 88' lang='lat' dir='ltr'><strong>per</strong></span> <span class='ocrx_word' id='word_1_287' title='bbox 1239 3428 1314 3482; x_wconf 91' lang='lat' dir='ltr'><strong>illam</strong></span> <span class='ocrx_word' id='word_1_288' title='bbox 1334 3432 1425 3485; x_wconf 86' lang='lat' dir='ltr'><strong>adbuc</strong></span> 
     </span>
     <span class='ocr_line' id='line_1_28' title="bbox 195 3525 1425 3598; baseline 0.003 -19"><span class='ocrx_word' id='word_1_289' title='bbox 195 3525 332 3581; x_wconf 81' lang='lat' dir='ltr'><strong>viventem</strong></span> <span class='ocrx_word' id='word_1_290' title='bbox 346 3527 373 3580; x_wconf 92' lang='lat' dir='ltr'><strong>in</strong></span> <span class='ocrx_word' id='word_1_291' title='bbox 385 3544 500 3596; x_wconf 86' lang='lat' dir='ltr'><strong>corpore</strong></span> <span class='ocrx_word' id='word_1_292' title='bbox 512 3529 684 3596; x_wconf 89' lang='lat' dir='ltr'><strong>operabatur.</strong></span> <span class='ocrx_word' id='word_1_293' title='bbox 700 3527 813 3595; x_wconf 79' lang='lat' dir='ltr'><strong>insuper</strong></span> <span class='ocrx_word' id='word_1_294' title='bbox 827 3529 882 3580; x_wconf 93' lang='lat' dir='ltr'><strong>Deo</strong></span> <span class='ocrx_word' id='word_1_295' title='bbox 892 3533 919 3580; x_wconf 92' lang='lat' dir='ltr'><strong>et</strong></span> <span class='ocrx_word' id='word_1_296' title='bbox 931 3528 1092 3580; x_wconf 83' lang='lat' dir='ltr'><strong>hominibus</strong></span> <span class='ocrx_word' id='word_1_297' title='bbox 1103 3528 1228 3581; x_wconf 90' lang='lat' dir='ltr'><strong>dilectam</strong></span> <span class='ocrx_word' id='word_1_298' title='bbox 1242 3545 1304 3583; x_wconf 90' lang='lat' dir='ltr'><strong>esse</strong></span> <span class='ocrx_word' id='word_1_299' title='bbox 1316 3546 1425 3598; x_wconf 88' lang='lat' dir='ltr'><strong>prome·</strong></span> 
     </span>
     <span class='ocr_line' id='line_1_29' title="bbox 195 3626 1425 3699; baseline 0.003 -21"><span class='ocrx_word' id='word_1_300' title='bbox 195 3626 313 3680; x_wconf 89' lang='lat' dir='ltr'><strong>rebatur.</strong></span> <span class='ocrx_word' id='word_1_301' title='bbox 321 3627 463 3695; x_wconf 88' lang='lat' dir='ltr'><strong>Siquidem</strong></span> <span class='ocrx_word' id='word_1_302' title='bbox 475 3632 626 3680; x_wconf 87' lang='lat' dir='ltr'><strong>castrenses</strong></span> <span class='ocrx_word' id='word_1_303' title='bbox 635 3642 684 3694; x_wconf 87' lang='lat' dir='ltr'><strong>per</strong></span> <span class='ocrx_word' id='word_1_304' title='bbox 694 3643 742 3679; x_wconf 84' lang='lat' dir='ltr'><strong>sex</strong></span> <span class='ocrx_word' id='word_1_305' title='bbox 751 3626 844 3695; x_wconf 81' lang='lat' dir='ltr'><strong>leugas</strong></span> <span class='ocrx_word' id='word_1_306' title='bbox 856 3631 883 3679; x_wconf 90' lang='lat' dir='ltr'><strong>et</strong></span> <span class='ocrx_word' id='word_1_307' title='bbox 892 3643 925 3679; x_wconf 89' lang='lat' dir='ltr'><strong>eo</strong></span> <span class='ocrx_word' id='word_1_308' title='bbox 938 3626 1055 3694; x_wconf 83' lang='lat' dir='ltr'><strong>amplius</strong></span> <span class='ocrx_word' id='word_1_309' title='bbox 1068 3627 1102 3680; x_wconf 93' lang='lat' dir='ltr'><strong>ad</strong></span> <span class='ocrx_word' id='word_1_310' title='bbox 1115 3643 1177 3680; x_wconf 86' lang='lat' dir='ltr'><strong>eam</strong></span> <span class='ocrx_word' id='word_1_311' title='bbox 1189 3627 1348 3693; x_wconf 86' lang='lat' dir='ltr'><strong>veniebant,</strong></span> <span class='ocrx_word' id='word_1_312' title='bbox 1360 3631 1425 3699; x_wconf 89' lang='lat' dir='ltr'><strong>quia</strong></span> 
     </span>
     <span class='ocr_line' id='line_1_30' title="bbox 196 3725 1425 3795; baseline 0.003 -16"><span class='ocrx_word' id='word_1_313' title='bbox 196 3726 242 3779; x_wconf 82' lang='lat' dir='ltr'><strong>vix</strong></span> <span class='ocrx_word' id='word_1_314' title='bbox 254 3725 347 3795; x_wconf 89' lang='lat' dir='ltr'><strong>aliqua</strong></span> <span class='ocrx_word' id='word_1_315' title='bbox 364 3726 403 3779; x_wconf 93' lang='lat' dir='ltr'><strong>sic</strong></span> <span class='ocrx_word' id='word_1_316' title='bbox 419 3730 535 3795; x_wconf 88' lang='lat' dir='ltr'><strong>compte,</strong></span> <span class='ocrx_word' id='word_1_317' title='bbox 552 3727 592 3780; x_wconf 91' lang='lat' dir='ltr'><strong>sic</strong></span> <span class='ocrx_word' id='word_1_318' title='bbox 604 3727 733 3780; x_wconf 88' lang='lat' dir='ltr'><strong>decenter</strong></span> <span class='ocrx_word' id='word_1_319' title='bbox 744 3731 772 3779; x_wconf 88' lang='lat' dir='ltr'><strong>et</strong></span> <span class='ocrx_word' id='word_1_320' title='bbox 781 3726 900 3793; x_wconf 84' lang='lat' dir='ltr'><strong>jocunde</strong></span> <span class='ocrx_word' id='word_1_321' title='bbox 919 3726 1054 3779; x_wconf 81' lang='lat' dir='ltr'><strong>tonnabat</strong></span> <span class='ocrx_word' id='word_1_322' title='bbox 1074 3726 1245 3783; x_wconf 86' lang='lat' dir='ltr'><strong>vestimenta.</strong></span> <span class='ocrx_word' id='word_1_323' title='bbox 1258 3727 1306 3781; x_wconf 91' lang='lat' dir='ltr'><strong>sed</strong></span> <span class='ocrx_word' id='word_1_324' title='bbox 1325 3734 1355 3783; x_wconf 87' lang='lat' dir='ltr'><strong>et</strong></span> <span class='ocrx_word' id='word_1_325' title='bbox 1371 3744 1425 3782; x_wconf 85' lang='lat' dir='ltr'><strong>sar·</strong></span> 
     </span>
     <span class='ocr_line' id='line_1_31' title="bbox 196 3822 1468 3885; baseline 0.007 -9"><span class='ocrx_word' id='word_1_326' title='bbox 196 3822 293 3878; x_wconf 88' lang='lat' dir='ltr'><strong>ciebat.</strong></span> <span class='ocrx_word' id='word_1_327' title='bbox 1439 3834 1468 3885; x_wconf 74' lang='grc'><strong>30</strong></span> 
     </span>
    </p>

    <p class='ocr_par' dir='ltr' id='par_1_6' title="bbox 197 3919 1469 4387">
     <span class='ocr_line' id='line_1_32' title="bbox 238 3919 1425 3990; baseline -0.006 -10"><span class='ocrx_word' id='word_1_328' title='bbox 238 3921 273 3980; x_wconf 79' lang='lat'><strong>2.</strong></span> <span class='ocrx_word' id='word_1_329' title='bbox 294 3924 351 3977; x_wconf 88' lang='lat' dir='ltr'><strong>liae</strong></span> <span class='ocrx_word' id='word_1_330' title='bbox 364 3925 397 3976; x_wconf 91' lang='lat' dir='ltr'><strong>de</strong></span> <span class='ocrx_word' id='word_1_331' title='bbox 415 3939 497 3976; x_wconf 82' lang='lat' dir='ltr'><strong>causa</strong></span> <span class='ocrx_word' id='word_1_332' title='bbox 514 3921 594 3975; x_wconf 89' lang='lat' dir='ltr'><strong>miles</strong></span> <span class='ocrx_word' id='word_1_333' title='bbox 605 3922 717 3990; x_wconf 89' lang='lat' dir='ltr'><strong>quidam</strong></span> <span class='ocrx_word' id='word_1_334' title='bbox 730 3919 891 3989; x_wconf 76' lang='lat' dir='ltr'><strong>gregorius*</strong></span> <span class='ocrx_word' id='word_1_335' title='bbox 904 3919 1046 3972; x_wconf 89' lang='lat' dir='ltr'><strong>dominum</strong></span> <span class='ocrx_word' id='word_1_336' title='bbox 1057 3936 1136 3973; x_wconf 88' lang='lat' dir='ltr'><strong>suum</strong></span> <span class='ocrx_word' id='word_1_337' title='bbox 1147 3920 1284 3984; x_wconf 79' lang='lat' dir='ltr'><strong>convenit,</strong></span> <span class='ocrx_word' id='word_1_338' title='bbox 1295 3921 1425 3988; x_wconf 89' lang='lat' dir='ltr'><strong>quatinus</strong></span> 
     </span>
     <span class='ocr_line' id='line_1_33' title="bbox 198 4017 1427 4088; baseline -0.005 -13"><span class='ocrx_word' id='word_1_339' title='bbox 198 4021 313 4076; x_wconf 80' lang='lat' dir='ltr'><strong>obtentu</strong></span> <span class='ocrx_word' id='word_1_340' title='bbox 322 4021 381 4088; x_wconf 88' lang='lat' dir='ltr'><strong>ejus</strong></span> <span class='ocrx_word' id='word_1_341' title='bbox 393 4021 464 4073; x_wconf 87' lang='lat' dir='ltr'><strong>hanc</strong></span> <span class='ocrx_word' id='word_1_342' title='bbox 473 4020 609 4087; x_wconf 87' lang='lat' dir='ltr'><strong>acciperet</strong></span> <span class='ocrx_word' id='word_1_343' title='bbox 621 4019 648 4071; x_wconf 90' lang='lat' dir='ltr'><strong>in</strong></span> <span class='ocrx_word' id='word_1_344' title='bbox 657 4018 822 4087; x_wconf 76' lang='lat' dir='ltr'><strong>conjugium.</strong></span> <span class='ocrx_word' id='word_1_345' title='bbox 833 4017 879 4071; x_wconf 89' lang='lat' dir='ltr'><strong>lile</strong></span> <span class='ocrx_word' id='word_1_346' title='bbox 889 4017 1028 4071; x_wconf 87' lang='lat' dir='ltr'><strong>dominam</strong></span> <span class='ocrx_word' id='word_1_347' title='bbox 1039 4021 1139 4071; x_wconf 86' lang='lat' dir='ltr'><strong>sanctae</strong></span> <span class='ocrx_word' id='word_1_348' title='bbox 1147 4017 1267 4083; x_wconf 73' lang='lat' dir='ltr'><strong>virginis,</strong></span> <span class='ocrx_word' id='word_1_349' title='bbox 1278 4023 1427 4088; x_wconf 73' lang='lat' dir='ltr'><strong>atropatus</strong></span> 
     </span>
     <span class='ocr_line' id='line_1_34' title="bbox 198 4116 1425 4188; baseline -0.002 -14"><span class='ocrx_word' id='word_1_350' title='bbox 198 4126 247 4184; x_wconf 90' lang='lat' dir='ltr'><strong>est,</strong></span> <span class='ocrx_word' id='word_1_351' title='bbox 259 4120 386 4173; x_wconf 86' lang='lat' dir='ltr'><strong>convenit</strong></span> <span class='ocrx_word' id='word_1_352' title='bbox 398 4136 446 4188; x_wconf 91' lang='lat' dir='ltr'><strong>pro</strong></span> <span class='ocrx_word' id='word_1_353' title='bbox 458 4119 557 4181; x_wconf 60' lang='lat' dir='ltr'><strong>militm</strong></span> <span class='ocrx_word' id='word_1_354' title='bbox 567 4122 597 4172; x_wconf 92' lang='lat' dir='ltr'><strong>ut</strong></span> <span class='ocrx_word' id='word_1_355' title='bbox 613 4118 684 4171; x_wconf 84' lang='lat' dir='ltr'><strong>hanc</strong></span> <span class='ocrx_word' id='word_1_356' title='bbox 701 4133 815 4171; x_wconf 86' lang='lat' dir='ltr'><strong>uxorem</strong></span> <span class='ocrx_word' id='word_1_357' title='bbox 833 4118 946 4170; x_wconf 90' lang='lat' dir='ltr'><strong>duceret</strong></span> <span class='ocrx_word' id='word_1_358' title='bbox 957 4117 1042 4186; x_wconf 88' lang='lat' dir='ltr'><strong>petiit,</strong></span> <span class='ocrx_word' id='word_1_359' title='bbox 1058 4122 1085 4170; x_wconf 84' lang='lat' dir='ltr'><strong>et</strong></span> <span class='ocrx_word' id='word_1_360' title='bbox 1102 4116 1228 4171; x_wconf 91' lang='lat' dir='ltr'><strong>obtinuit.</strong></span> <span class='ocrx_word' id='word_1_361' title='bbox 1240 4117 1322 4171; x_wconf 86' lang='lat' dir='ltr'><strong>Forte</strong></span> <span class='ocrx_word' id='word_1_362' title='bbox 1334 4125 1425 4173; x_wconf 89' lang='lat' dir='ltr'><strong>autem</strong></span> 
     </span>
     <span class='ocr_line' id='line_1_35' title="bbox 197 4215 1425 4289; baseline -0.002 -16"><span class='ocrx_word' id='word_1_363' title='bbox 197 4219 288 4289; x_wconf 88' lang='lat' dir='ltr'><strong>puella</strong></span> <span class='ocrx_word' id='word_1_364' title='bbox 304 4218 422 4272; x_wconf 80' lang='lat' dir='ltr'><strong>dominre</strong></span> <span class='ocrx_word' id='word_1_365' title='bbox 434 4235 490 4271; x_wconf 77' lang='lat' dir='ltr'><strong>sure</strong></span> <span class='ocrx_word' id='word_1_366' title='bbox 502 4218 650 4286; x_wconf 84' lang='lat' dir='ltr'><strong>propinans</strong></span> <span class='ocrx_word' id='word_1_367' title='bbox 668 4222 772 4285; x_wconf 86' lang='lat' dir='ltr'><strong>etpost</strong></span> <span class='ocrx_word' id='word_1_368' title='bbox 790 4216 950 4269; x_wconf 88' lang='lat' dir='ltr'><strong>bibitionem</strong></span> <span class='ocrx_word' id='word_1_369' title='bbox 969 4215 1097 4283; x_wconf 87' lang='lat' dir='ltr'><strong>poculum</strong></span> <span class='ocrx_word' id='word_1_370' title='bbox 1112 4221 1142 4270; x_wconf 92' lang='lat' dir='ltr'><strong>ut</strong></span> <span class='ocrx_word' id='word_1_371' title='bbox 1160 4216 1265 4270; x_wconf 88' lang='lat' dir='ltr'><strong>biberet</strong></span> <span class='ocrx_word' id='word_1_372' title='bbox 1284 4217 1425 4286; x_wconf 87' lang='lat' dir='ltr'><strong>recipiens,</strong></span> 
     </span>
     <span class='ocr_line' id='line_1_36' title="bbox 198 4317 1469 4387; baseline -0.002 -16"><span class='ocrx_word' id='word_1_373' title='bbox 198 4318 310 4372; x_wconf 88' lang='lat' dir='ltr'><strong>domina</strong></span> <span class='ocrx_word' id='word_1_374' title='bbox 323 4334 373 4370; x_wconf 88' lang='lat' dir='ltr'><strong>sna</strong></span> <span class='ocrx_word' id='word_1_375' title='bbox 384 4318 422 4371; x_wconf 92' lang='lat' dir='ltr'><strong>sic</strong></span> <span class='ocrx_word' id='word_1_376' title='bbox 434 4319 473 4371; x_wconf 91' lang='lat' dir='ltr'><strong>ait</strong></span> <span class='ocrx_word' id='word_1_377' title='bbox 485 4317 523 4370; x_wconf 92' lang='lat' dir='ltr'><strong>ei:</strong></span> <span class='ocrx_word' id='word_1_378' title='bbox 541 4319 573 4372; x_wconf 90' lang='lat' dir='ltr'><strong>Ut</strong></span> <span class='ocrx_word' id='word_1_379' title='bbox 580 4320 709 4387; x_wconf 70' lang='lat' dir='ltr'><strong>pecarium</strong></span> <span class='ocrx_word' id='word_1_380' title='bbox 719 4318 768 4368; x_wconf 77' lang='lat' dir='ltr'><strong>boc</strong></span> <span class='ocrx_word' id='word_1_381' title='bbox 777 4319 936 4383; x_wconf 78' lang='lat' dir='ltr'><strong>perceperis,</strong></span> <span class='ocrx_word' id='word_1_382' title='bbox 954 4317 1022 4368; x_wconf 82' lang='lat' dir='ltr'><strong>dabo</strong></span> <span class='ocrx_word' id='word_1_383' title='bbox 1039 4318 1089 4368; x_wconf 85' lang='lat' dir='ltr'><strong>tibi</strong></span> <span class='ocrx_word' id='word_1_384' title='bbox 1106 4318 1284 4370; x_wconf 79' lang='lat' dir='ltr'><strong>desiderabile</strong></span> <span class='ocrx_word' id='word_1_385' title='bbox 1298 4320 1423 4385; x_wconf 63' lang='lat' dir='ltr'><strong>paulum</strong></span> <span class='ocrx_word' id='word_1_386' title='bbox 1438 4326 1469 4375; x_wconf 67' lang='lat'><strong>35</strong></span> 
     </span>
    </p>
   </div>
   <div class='ocr_carea' id='block_1_6' title="bbox 198 4497 1423 4816">
    <p class='ocr_par' dir='ltr' id='par_1_7' title="bbox 198 4497 1423 4816">
     <span class='ocr_line' id='line_1_37' title="bbox 231 4497 1423 4566; baseline -0.003 -13"><span class='ocrx_word' id='word_1_387' title='bbox 231 4501 267 4563; x_wconf 86' lang='lat' dir='ltr'><strong>(i)</strong></span> <span class='ocrx_word' id='word_1_388' title='bbox 284 4499 315 4552; x_wconf 94' lang='lat' dir='ltr'><strong>ln</strong></span> <span class='ocrx_word' id='word_1_389' title='bbox 333 4514 418 4566; x_wconf 79' lang='lat' dir='ltr'><strong>urarg.</strong></span> <span class='ocrx_word' id='word_1_390' title='bbox 429 4498 550 4552; x_wconf 80' lang='lat' dir='ltr'><strong>interiori</strong></span> <span class='ocrx_word' id='word_1_391' title='bbox 567 4499 626 4553; x_wconf 85' lang='lat' dir='ltr'><strong>luec</strong></span> <span class='ocrx_word' id='word_1_392' title='bbox 638 4498 773 4552; x_wconf 88' lang='lat' dir='ltr'><strong>recentius</strong></span> <span class='ocrx_word' id='word_1_393' title='bbox 785 4497 885 4566; x_wconf 87' lang='lat' dir='ltr'><strong>scripta</strong></span> <span class='ocrx_word' id='word_1_394' title='bbox 897 4517 903 4550; x_wconf 74' lang='grc' dir='ltr'><em>ι</em></span> <span class='ocrx_word' id='word_1_395' title='bbox 918 4499 974 4549; x_wconf 81' lang='lat' dir='ltr'><strong>Hoc</strong></span> <span class='ocrx_word' id='word_1_396' title='bbox 987 4500 1179 4550; x_wconf 75' lang='lat' dir='ltr'><strong>rnonustcrium</strong></span> <span class='ocrx_word' id='word_1_397' title='bbox 1192 4500 1423 4553; x_wconf 64' lang='lat' dir='ltr'><strong>rirotdessemcme</strong></span> 
     </span>
     <span class='ocr_line' id='line_1_38' title="bbox 198 4581 1421 4648; baseline -0.002 -13"><span class='ocrx_word' id='word_1_398' title='bbox 198 4590 281 4635; x_wconf 86' lang='lat' dir='ltr'><strong>totum</strong></span> <span class='ocrx_word' id='word_1_399' title='bbox 293 4585 397 4635; x_wconf 82' lang='lat' dir='ltr'><strong>interiit</strong></span> <span class='ocrx_word' id='word_1_400' title='bbox 410 4590 433 4635; x_wconf 77' lang='lat' dir='ltr'><strong>ei</strong></span> <span class='ocrx_word' id='word_1_401' title='bbox 446 4600 519 4635; x_wconf 70' lang='lat' dir='ltr'><strong>carno</strong></span> <span class='ocrx_word' id='word_1_402' title='bbox 531 4583 643 4635; x_wconf 79' lang='lat' dir='ltr'><strong>Domini</strong></span> <span class='ocrx_word' id='word_1_403' title='bbox 655 4597 710 4634; x_wconf 79' lang='lat' dir='ltr'><strong>nov</strong></span> <span class='ocrx_word' id='word_1_404' title='bbox 723 4584 818 4633; x_wconf 76' lang='lat' dir='ltr'><strong>attinnt</strong></span> <span class='ocrx_word' id='word_1_405' title='bbox 830 4581 960 4633; x_wconf 71' lang='lat' dir='ltr'><strong>amalecita</strong></span> <span class='ocrx_word' id='word_1_406' title='bbox 973 4582 1101 4646; x_wconf 69' lang='lat' dir='ltr'><strong>destructa</strong></span> <span class='ocrx_word' id='word_1_407' title='bbox 1112 4588 1151 4633; x_wconf 78' lang='lat' dir='ltr'><strong>est</strong></span> <span class='ocrx_word' id='word_1_408' title='bbox 1162 4589 1185 4633; x_wconf 77' lang='lat' dir='ltr'><strong>et</strong></span> <span class='ocrx_word' id='word_1_409' title='bbox 1198 4583 1354 4635; x_wconf 75' lang='lat' dir='ltr'><strong>Arethoniiae</strong></span> <span class='ocrx_word' id='word_1_410' title='bbox 1363 4584 1421 4648; x_wconf 69' lang='lat' dir='ltr'><strong>,iam</strong></span> 
     </span>
     <span class='ocr_line' id='line_1_39' title="bbox 198 4665 1420 4732; baseline 0.001 -15"><span class='ocrx_word' id='word_1_411' title='bbox 198 4667 341 4732; x_wconf 77' lang='lat' dir='ltr'><strong>possident.</strong></span> <span class='ocrx_word' id='word_1_412' title='bbox 354 4693 386 4702; x_wconf 89' lang='lat'>-</span> <span class='ocrx_word' id='word_1_413' title='bbox 401 4667 453 4719; x_wconf 85' lang='lat' dir='ltr'><strong>Sed</strong></span> <span class='ocrx_word' id='word_1_414' title='bbox 467 4682 539 4718; x_wconf 75' lang='lat' dir='ltr'><strong>aurio</strong></span> <span class='ocrx_word' id='word_1_415' title='bbox 556 4666 670 4718; x_wconf 80' lang='lat' dir='ltr'><strong>Domini</strong></span> <span class='ocrx_word' id='word_1_416' title='bbox 687 4680 799 4716; x_wconf 75' lang='lat' dir='ltr'><strong>siuxxvn</strong></span> <span class='ocrx_word' id='word_1_417' title='bbox 812 4666 902 4728; x_wconf 75' lang='lat' dir='ltr'><strong>ejectis</strong></span> <span class='ocrx_word' id='word_1_418' title='bbox 914 4665 1071 4716; x_wconf 76' lang='lat' dir='ltr'><strong>Arrihorritie</strong></span> <span class='ocrx_word' id='word_1_419' title='bbox 1084 4666 1182 4716; x_wconf 82' lang='lat' dir='ltr'><strong>rolcnie</strong></span> <span class='ocrx_word' id='word_1_420' title='bbox 1190 4667 1318 4731; x_wconf 75' lang='lat' dir='ltr'><strong>principe</strong></span> <span class='ocrx_word' id='word_1_421' title='bbox 1333 4666 1420 4719; x_wconf 75' lang='lat' dir='ltr'><strong>irem·</strong></span> 
     </span>
     <span class='ocr_line' id='line_1_40' title="bbox 198 4747 1420 4816; baseline -0.002 -17"><span class='ocrx_word' id='word_1_422' title='bbox 198 4764 261 4799; x_wconf 79' lang='lat' dir='ltr'><strong>rum</strong></span> <span class='ocrx_word' id='word_1_423' title='bbox 272 4756 302 4799; x_wconf 82' lang='lat' dir='ltr'><strong>ut</strong></span> <span class='ocrx_word' id='word_1_424' title='bbox 312 4750 405 4813; x_wconf 80' lang='lat' dir='ltr'><strong>fertur</strong></span> <span class='ocrx_word' id='word_1_425' title='bbox 416 4749 561 4816; x_wconf 79' lang='lat' dir='ltr'><strong>Philippus</strong></span> <span class='ocrx_word' id='word_1_426' title='bbox 575 4764 661 4800; x_wconf 73' lang='lat' dir='ltr'><strong>conara</strong></span> <span class='ocrx_word' id='word_1_427' title='bbox 672 4765 690 4799; x_wconf 85' lang='lat' dir='ltr'><strong>a</strong></span> <span class='ocrx_word' id='word_1_428' title='bbox 707 4747 830 4799; x_wconf 77' lang='lat' dir='ltr'><strong>Waldeclr</strong></span> <span class='ocrx_word' id='word_1_429' title='bbox 842 4749 885 4797; x_wconf 79' lang='lat' dir='ltr'><strong>air</strong></span> <span class='ocrx_word' id='word_1_430' title='bbox 893 4748 985 4798; x_wconf 81' lang='lat' dir='ltr'><strong>‹rnirno</strong></span> <span class='ocrx_word' id='word_1_431' title='bbox 996 4753 1020 4798; x_wconf 80' lang='lat' dir='ltr'><strong>et</strong></span> <span class='ocrx_word' id='word_1_432' title='bbox 1029 4749 1163 4812; x_wconf 71' lang='lat' dir='ltr'><strong>antiquins</strong></span> <span class='ocrx_word' id='word_1_433' title='bbox 1171 4747 1271 4799; x_wconf 76' lang='lat' dir='ltr'><strong>nobilia</strong></span> <span class='ocrx_word' id='word_1_434' title='bbox 1279 4748 1420 4816; x_wconf 80' lang='lat' dir='ltr'><strong>occuparit.</strong></span> 
     </span>
    </p>
   </div>
   <div class='ocr_carea' id='block_1_7' title="bbox 0 0 1654 5400">
    <p class='ocr_par' dir='ltr' id='par_1_8' title="bbox 0 0 1654 5400">
     <span class='ocr_line' id='line_1_41' title="bbox 0 0 1654 5400; baseline 0 0"><span class='ocrx_word' id='word_1_435' title='bbox 0 0 1654 5400; x_wconf 95' lang='lat' dir='ltr'><strong> </strong></span> 
     </span>
    </p>
   </div>
  </div>
 </body>
</html>
