3270 5400
87 1168 101 1195 ⁸
112 1168 169 1220 cod,
180 1166 238 1241 plri-

80 1246 244 1285 souomtuui.

289 359 360 431 ror
621 378 749 429 curru.
775 378 879 430 conn.
906 377 1183 430 muraenarum.

284 571 344 635 filiu
356 573 402 623 cui
411 579 483 623 totus
493 572 553 621 carli
569 588 669 622 cumis
680 578 703 621 et
716 578 817 621 ›cuturn-u
833 572 969 636 planetico
981 571 1052 622 dorin
1066 571 1278 622 irrrruurerobiliu
1291 571 1406 634 mirifice
1416 589 1520 623 concea-

284 672 329 723 sit.
341 668 438 722 Adbuc
449 669 507 736 ipso
520 668 651 737 loquente
666 685 729 721 ecee
741 669 854 721 nuntius
872 668 1046 722 velocissimo
1058 685 1139 722 cursu
1156 669 1306 737 equitando
1325 669 1448 725 veniens.
1465 669 1520 723 boc

286 784 388 822 munus
396 768 571 835 magnificum
583 767 736 821 nuntiando
745 767 927 835 praesentarit,
936 767 1013 820 Tunc
1023 783 1070 821 rex
1082 769 1118 820 ab
1131 768 1177 822 illo
1191 769 1279 822 noctis
1289 774 1414 837 tempore
1426 769 1520 822 lectuli

286 866 430 922 mollitiem
449 868 659 936 perhorrescens
671 872 698 919 et
709 883 809 933 magno
822 867 936 920 deorum
949 867 1007 920 Deo
1019 868 1121 935 gratias
1132 867 1262 929 relerens,
1273 868 1351 936 petiit
1366 873 1398 921 ut
1415 884 1520 922 noram

284 964 442 1034 progeniem
453 980 537 1032 quarn
548 963 710 1017 mirabiliter
719 962 1200 1032 concesseratlelicitergubernaret.
1209 963 1270 1017 ltux
1280 969 1342 1017 orto
1351 964 1522 1018 lucissidere
1540 969 1556 1015 tl

284 1063 320 1117 ad
332 1064 423 1117 aulam
438 1063 577 1117 festinavit
587 1062 811 1132 regian1.prolem
824 1062 942 1116 ridendo
953 1066 979 1114 et
990 1063 1112 1131 reginam
1121 1062 1360 1117 salutando'lunc
1368 1064 1522 1132 Alphorius

284 1162 481 1230 superveniens
490 1167 517 1215 et
527 1162 639 1215 inl-antis
648 1161 871 1230 pliysionomiarn
880 1164 893 1191 ⁸
903 1161 1060 1221 discutiens,
1071 1177 1119 1230 per
1127 1177 1242 1230 magnos
1253 1163 1320 1215 deos
1329 1163 1435 1230 jurarit
1443 1164 1521 1233 quod

285 1262 312 1315 in
325 1263 380 1316 rita
390 1278 440 1314 sua
450 1277 505 1314 non
517 1261 583 1313 sidit
595 1261 737 1313 hominem
747 1262 775 1315 iu
787 1277 843 1328 quo
852 1277 882 1313 se
891 1259 950 1313 coli
964 1275 1058 1313 cursus
1071 1265 1126 1314 tam
1138 1261 1257 1329 gratiose
1268 1262 1443 1316 monstrarit
1453 1262 1522 1316 ltili·

284 1367 344 1416 tum
353 1361 473 1415 consiliis
485 1360 630 1413 transactis
641 1360 676 1413 de
688 1360 800 1413 nomine
818 1359 937 1421 inlantis,
948 1358 1098 1426 Alphorius
1110 1359 1178 1412 dixit
1187 1376 1279 1413 coram
1292 1361 1397 1414 cunctis
1410 1380 1417 1414 :
1431 1362 1523 1427 Nosti,

284 1479 335 1515 rex
343 1463 416 1527 botre,
424 1470 447 1516 et
456 1464 550 1514 ridieti
557 1463 629 1529 quod
640 1478 720 1529 perum
731 1463 782 1513 cito
794 1462 873 1512 istius
882 1463 975 1525 »nopai
984 1461 1035 1513 Dei
1047 1463 1136 1525 irnupo
1145 1462 1173 1512 iu
1186 1462 1282 1528 templo
1293 1463 1406 1514 deorum
1416 1464 1522 1517 r'utlru·
1544 1461 1573 1509 ¹⁰

284 1562 439 1625 nitebatur,
448 1578 538 1613 omma
550 1563 660 1612 ruinam
671 1560 853 1627 potiebantur.
867 1560 908 1611 Ab
921 1563 980 1627 ipsu
993 1562 1079 1623 {pitter
1087 1576 1171 1611 carran
1183 1562 1300 1627 accipiat
1312 1578 1405 1613 riomeu
1415 1564 1523 1629 puella,

283 1670 307 1714 et
315 1663 351 1714 eit
362 1661 374 1686 ⁶
386 1661 548 1721 Kortia-ina,
558 1701 570 1723 „
586 1661 614 1712 id
625 1668 663 1711 eat
674 1661 837 1711 reuiserealie
848 1661 958 1711 deorum
970 1661 1063 1710 ruina.
1072 1658 1105 1711 Et
1113 1658 1177 1727 quin
1187 1658 1332 1712 consilium
1345 1665 1405 1713 erat
1417 1662 1522 1715 rationi

283 1774 435 1813 consonum
454 1764 481 1811 et
493 1757 558 1826 quia
570 1757 626 1825 regi
639 1762 666 1810 et
683 1756 744 1810 aliis
763 1755 872 1824 placuit.
891 1755 1092 1821 tertiodecimo
1109 1755 1260 1809 nativitatis
1276 1772 1333 1809 sure
1351 1757 1397 1811 die
1414 1774 1522 1813 nomen

284 1855 432 1909 lietherina
444 1854 556 1923 accepit.
569 1854 636 1920 Quae
650 1852 711 1921 plus
728 1853 813 1905 crevit
831 1851 955 1905 moribus
971 1867 1055 1920 quam
1068 1868 1191 1920 corpore.
1208 1852 1269 1920 plus
1280 1853 1415 1920 sapientia
1434 1871 1521 1924 quum

284 1959 372 2008 relate.
391 1955 423 2007 Et
443 1955 536 2006 statim
555 1957 616 2021 post
634 1951 819 2021 septennicam
839 1950 991 2011 infantiam,
1003 1949 1172 2018 sapientibus
1183 1949 1293 2003 Gracia>
1311 1950 1338 2003 in
1356 1950 1523 2007 liberalibus
1545 1955 1574 2001 ts

283 2052 388 2106 artibus
407 2052 497 2121 puella
517 2052 632 2106 traditur
650 2053 684 2105 ad
703 2051 890 2105 imbuendum.
910 2051 943 2103 Et
959 2049 1091 2118 quidquid
1109 2048 1211 2103 didicit.
1228 2048 1334 2103 audivit
1350 2055 1378 2102 et
1396 2050 1523 2119 perlegit.

284 2152 417 2207 intellexit
429 2156 455 2205 et
468 2151 609 2205 memoriae
619 2150 831 2204 commendavit.
850 2151 882 2203 Et
900 2150 938 2202 sic
952 2150 978 2202 in
996 2150 1073 2203 breri
1090 2154 1194 2218 septem
1207 2149 1362 2202 liberalium
1374 2150 1524 2206 dicebatur

283 2250 384 2304 artium
395 2251 533 2320 magistra.
543 2255 570 2302 et
580 2250 606 2302 iu
616 2249 718 2303 scholis
728 2249 918 2318 magistrorum
928 2265 1037 2317 gemma
1046 2253 1103 2301 erat
1112 2252 1277 2316 nuncupata.

334 2457 387 2515 ne
401 2452 633 2512 conversione
647 2451 814 2524 gloriosas
827 2449 980 2522 vtrgtnte
994 2449 1228 2519 Remurium
1244 2451 1282 2510 et
1295 2451 1411 2523 primo
1427 2453 1473 2512 de

548 2552 663 2611 morte
684 2549 781 2612 coeti
801 2548 913 2621 regis,
936 2550 1057 2621 patrie
1077 2550 1247 2621 ejusdem.
1541 2546 1575 2595 ²⁰

323 2743 359 2800 4.
383 2741 548 2796 Benedictus
559 2742 640 2803 Deus,
649 2740 696 2809 qui
707 2739 877 2793 abundantia
889 2754 945 2791 suae
957 2737 1066 2806 pietatis
1075 2744 1102 2793 et
1114 2757 1164 2794 sua
1175 2740 1255 2793 solita
1265 2741 1451 2796 misericordia
1462 2744 1526 2799 vult

283 2858 380 2897 omnes
398 2839 525 2895 lromines
537 2839 629 2892 salros
647 2837 706 2891 lteri
724 2843 751 2890 et
769 2835 984 2905 adagnitionem
1001 2853 1057 2889 sure
1077 2837 1200 2890 veritatis
1218 2839 1325 2901 renire;
1343 2839 1390 2907 qui
1408 2846 1526 2895 sanctos

282 2957 347 2996 suos
360 2939 531 2994 mirabilibus
547 2937 636 2991 modis
653 2936 789 2989 convertit
805 2935 840 2988 ad
858 2952 888 2988 se
905 2938 933 2989 et
950 2935 1030 2989 noeis
1047 2936 1261 2990 revelationibus
1279 2954 1328 2990 eos
1345 2938 1380 2991 de
1398 2940 1526 2995 tenebris

282 3040 411 3094 transfert
424 3040 437 3069 *
450 3038 477 3091 in
496 3035 657 3090 admirabile
676 3035 769 3088 lumen
783 3052 872 3088 suum.
890 3034 970 3101 Quod
983 3051 1055 3088 nunc
1072 3034 1224 3088 luculenter
1236 3040 1347 3105 apparet
1369 3036 1397 3090 in
1415 3037 1526 3107 uirgine

221 3136 227 3149 '
283 3138 441 3193 Katherina.
453 3137 516 3190 Erat
528 3135 601 3189 enim
614 3134 642 3187 in
655 3134 744 3202 Cypro
757 3132 846 3187 insula
858 3133 980 3200 ejusdem
999 3132 1095 3186 insula
1108 3132 1217 3186 civitate
1228 3133 1374 3203 metropoli
1387 3139 1416 3188 et
1428 3137 1526 3204 praeci·
1545 3138 1578 3188 Ἀ

283 3255 345 3309 pua.
365 3253 426 3306 qum
444 3235 591 3303 solempna
612 3221 717 3287 dicitur.
736 3248 782 3285 rex
801 3233 912 3301 quidam
931 3230 1077 3299 praeclarus
1097 3248 1204 3297 genere.
1222 3237 1327 3285 naturae
1349 3238 1377 3286 et
1400 3234 1525 3290 fortune

283 3337 396 3392 dotibus
408 3334 520 3404 insignis
532 3340 560 3387 et
573 3332 711 3401 praeditus,
724 3332 823 3384 (tostus
835 3331 955 3387 nomine.
967 3330 1073 3384 habens
1085 3330 1118 3383 de
1131 3347 1216 3384 uxore
1227 3347 1276 3384 sua
1294 3330 1380 3385 tiliam
1399 3333 1526 3395 unicam.

283 3435 472 3497 excellentem,
485 3432 646 3501 speciosam,
659 3430 803 3493 famosum,
814 3428 983 3497 ingeniosam
995 3433 1023 3481 et
1036 3428 1195 3491 virtuosam,
1205 3427 1525 3495 nominellatherinam,

283 3533 492 3605 quatuordecim
511 3547 656 3584 annorum.
677 3529 755 3583 Hunc
775 3527 911 3596 siquidem
931 3542 1021 3595 regem
1043 3525 1195 3580 Maxentius
1214 3525 1371 3593 imperator.
1383 3525 1432 3595 qui
1454 3530 1524 3583 tunc

283 3633 415 3702 temporis
427 3630 512 3685 totius
521 3628 630 3683 Gracia
643 3627 711 3681 rexit
723 3626 915 3696 principatum.
924 3625 981 3678 suis
990 3623 1097 3693 scriptis
1109 3624 1144 3677 ad
1156 3640 1186 3677 se
1196 3627 1288 3686 vocat;
1298 3627 1326 3678 et
1337 3639 1388 3693 pro
1401 3622 1526 3679 utilitate
1543 3630 1579 3683 tu

283 3729 438 3799 reipublicae
450 3744 485 3782 ne
498 3726 591 3780 venire
608 3725 730 3778 tardaret
750 3723 802 3776 sub
820 3723 936 3776 obtentu
948 3720 1040 3790 gratiae
1053 3719 1202 3789 imperialis
1222 3719 1325 3773 seriose
1343 3720 1478 3790 praecepit
1496 3727 1527 3777 et

283 3828 433 3884 mandarit.
445 3825 555 3881 Litteris
567 3823 682 3892 receptis
700 3829 727 3876 et
741 3822 806 3876 risis
818 3838 850 3874 ac
864 3820 1016 3882 intellectis,
1026 3820 1125 3873 Costus
1142 3835 1190 3873 rex
1209 3819 1350 3882 turbatur;
1361 3819 1438 3888 quod
1451 3822 1526 3891 regis

284 3945 348 3983 nam
361 3927 482 3982 nobilem
494 3925 615 3979 etlilium
629 3923 746 3984 unicam,
759 3937 825 3975 cura
834 3921 985 3974 domestica
998 3924 1025 3972 et
1036 3922 1169 3973 consueto
1180 3917 1280 3972 solatio
1292 3918 1449 3983 destitutas,
1460 3928 1526 3987 post

284 4034 389 4097 tergum
400 4026 553 4094 relinquere
562 4023 661 4076 debent
670 4038 733 4075 curn
743 4036 861 4074 moerore
873 4018 1057 4087 conqueritur.
1068 4017 1177 4081 Verum,
1186 4017 1252 4085 quia
1260 4016 1400 4070 mandatis
1408 4019 1527 4087 expedit

284 4132 312 4182 et
323 4141 435 4180 necesse
446 4129 488 4178 est
504 4124 697 4190 obtemperare
714 4117 870 4188 superioris,
882 4118 956 4186 apud
973 4134 1004 4171 se
1020 4115 1144 4171 consulte
1163 4121 1190 4169 et
1207 4115 1321 4185 provide
1339 4114 1480 4173 deliberat
1497 4125 1527 4175 et
1545 4124 1579 4175 35

208 4248 215 4262 ·
283 4240 378 4278 secum
390 4223 489 4276 ducere
501 4235 616 4273 uxorem
628 4223 655 4271 et
667 4216 752 4270 liliam
768 4215 898 4269 decernit.
915 4215 949 4268 Et
965 4213 1040 4282 regui
1052 4212 1094 4266 sui
1112 4212 1229 4281 negotiis
1241 4212 1312 4266 bene
1324 4211 1480 4281 dispositis,
1491 4232 1527 4271 ea

284 4337 345 4391 quie
354 4325 418 4373 sunt
427 4334 476 4386 pro
485 4315 640 4385 sumptibus
651 4313 700 4367 rire
710 4313 873 4373 necessaria.
883 4311 993 4379 copiose
1003 4309 1173 4379 procuravit3
1183 4324 1246 4362 cum
1256 4308 1392 4362 comitatu
1403 4309 1527 4371 decenti.

284 4436 370 4475 uxore
390 4422 418 4472 et
437 4416 493 4470 filia
514 4412 670 4482 assumptis,
684 4412 734 4465 iter
745 4411 860 4481 arripuit
877 4415 904 4464 et
920 4407 1118 4463 Alexandriam
1138 4406 1272 4476 pervenit,
1282 4405 1331 4461 ubi
1350 4406 1526 4467 blarentium

285 4517 395 4572 invenit
405 4515 458 4583 Qui
473 4513 538 4568 dieti
551 4512 620 4581 regis
633 4515 659 4564 et
671 4527 783 4564 suorum
797 4514 875 4579 grata
886 4509 997 4578 gavisus
1008 4506 1163 4576 presentia,
1174 4506 1222 4575 pio
1235 4510 1263 4560 et
1274 4505 1356 4574 pleno
1367 4522 1418 4576 per
1426 4511 1527 4565 omnia

285 4617 358 4687 ipsos
370 4617 464 4669 lavore
476 4611 659 4683 prosequitur,
668 4608 808 4663 beuettciis
820 4610 904 4670 lovel,
914 4608 988 4662 dona
1000 4605 1113 4675 largitur
1125 4603 1337 4674 quamplurima.
1349 4604 1411 4659 Rex
1428 4606 1529 4679 itaque
1548 4616 1581 4671 to

284 4714 413 4782 praelatus
434 4709 593 4779 imperatori
614 4707 751 4762 bluxcntio
772 4723 821 4776 per
838 4705 1010 4775 aliquantum
1030 4704 1162 4774 temporis
1179 4702 1300 4773 spatium
1317 4704 1529 4772 commoratum
