3270 5400
351 331 442 383 sisu.
461 332 542 383 auu.
562 332 733 385 usuratu.
752 353 799 364 -
818 334 966 385 apruno.
985 334 1032 384 ao
1050 334 1129 387 coo.
1148 326 1187 386 u⁰
1204 335 1327 387 raas-rs.
1387 316 1454 388 107

225 523 316 578 sciens
330 542 379 595 per
393 525 593 579 revelationem
606 522 751 577 imminere
762 523 970 577 dissolutionem
986 523 1028 578 sui
1040 523 1169 594 corporis,
1178 526 1351 595 confisusque
1360 526 1394 579 de
1407 527 1455 580 Dei

225 621 420 687 misericordia,
429 622 529 693 quodsi
538 621 674 676 terrestris
682 622 781 676 domus
790 621 968 676 habitationis
977 638 1034 676 suae
1043 621 1246 688 dimicaretur,
1254 625 1330 692 quod
1341 624 1454 679 domurn

225 734 282 773 non
298 722 483 776 manufactam
496 727 628 776 aeternam
643 721 777 788 reciperet
795 720 823 773 in
836 720 917 785 coelis,
929 721 964 774 ad
979 721 1122 776 munimen
1134 722 1176 775 sui
1195 727 1290 776 contra
1298 723 1389 791 jacula
1400 723 1454 776 dia·

225 815 317 872 bolica
324 824 491 875 armaturam
501 820 550 874 Dei
560 836 723 889 praeparans,
731 821 896 874 confratrem
905 837 995 883 suum,
1003 821 1137 874 domnum
1146 822 1333 887 humbertum,
1343 824 1454 876 missam

194 927 210 975 s
226 913 261 967 de
272 919 458 987 assumptione
466 924 569 973 sanctae
581 918 671 973 llario
681 918 762 972 solito
772 919 867 972 ordine
876 917 1014 972 celebrare
1024 919 1138 988 rogavit.
1147 921 1208 989 lpse
1217 924 1310 975 autem
1320 921 1455 983 sacerdos,

227 1014 317 1080 primo
329 1017 450 1086 petitioni
460 1035 518 1072 suae
530 1018 658 1083 renitens,
670 1018 720 1071 sed
730 1016 859 1071 instantia
867 1019 927 1085 eJus
936 1018 1067 1082 devictus,
1079 1019 1204 1088 promisit
1216 1037 1245 1073 se
1262 1026 1453 1074 exsecuturum

229 1114 301 1180 quod
312 1116 420 1185 rogavit.
433 1117 501 1170 Gurn
513 1122 605 1171 autem
621 1117 794 1185 complesset,
806 1117 855 1170 sed
866 1132 922 1170 uon
936 1134 969 1171 eo
979 1114 1075 1170 ordine
1087 1134 1142 1186 quo
1155 1119 1327 1187 promiserat,
1337 1120 1455 1173 domnus

231 1207 326 1267 Petrus
333 1215 418 1269 acrius
427 1215 552 1269 invectus
561 1214 640 1269 estin
650 1232 723 1279 euru,
733 1216 808 1284 quod
822 1217 958 1269 Gloriam
969 1218 1086 1281 eccelsia,
1095 1216 1275 1284 sequentiam,
1287 1222 1315 1269 et
1328 1219 1414 1270 Credo
1425 1219 1454 1269 in

235 1325 315 1363 unum
325 1329 378 1368 non
389 1313 495 1368 dixerit.
505 1314 632 1367 Habebat
643 1313 779 1383 siquidem
789 1313 816 1366 in
825 1313 1022 1368 consuetudine
1031 1313 1143 1382 singulis
1152 1314 1373 1368 hebdomadibus
1382 1319 1454 1368 octe·

199 1416 225 1468 to
239 1421 296 1462 vam
308 1400 500 1481 assumptionis¹
510 1418 612 1466 sanctae
624 1411 714 1466 blarire
731 1412 780 1465 Dei
793 1411 935 1466 Genitricis
947 1411 1063 1466 solemni
1076 1412 1167 1466 officio
1179 1411 1326 1473 celebrare.
1337 1429 1370 1466 ea
1383 1412 1455 1466 vide·

241 1499 299 1558 licet
315 1506 384 1572 feria,
400 1525 455 1577 qua
472 1508 532 1578 ipsa
555 1508 690 1563 festivitas
706 1508 903 1576 assumptionis
920 1508 979 1575 ejus
995 1524 1029 1560 eo
1047 1524 1120 1561 auno
1142 1507 1278 1562 celebrata
1295 1508 1398 1562 fuisset.
1419 1508 1456 1562 At

246 1606 355 1659 sacerdos
364 1613 470 1662 scutnrn
480 1607 638 1675 hujusmodi
652 1607 803 1661 occasionis
815 1606 950 1677 opposuit,
963 1606 1055 1660 dicens
1066 1607 1149 1675 quod,
1161 1606 1184 1660 si
1199 1606 1348 1661 litteratum
1361 1623 1454 1677 quem·

250 1699 311 1767 piam
321 1705 405 1760 adesse
417 1707 583 1776 contigisset,
594 1706 754 1774 hujusmodi
767 1705 958 1760 celebrationis
968 1705 1100 1771 ordinem,
1109 1711 1203 1774 utpote
1215 1706 1286 1759 circa
1298 1706 1454 1760 Adventum

253 1796 342 1857 Domini
351 1804 495 1871 insolitum,
506 1806 661 1874 vituperare
673 1811 701 1859 et
717 1804 831 1875 ignaviae
845 1806 975 1874 deputare
990 1804 1089 1858 merito
1099 1804 1241 1873 potuisset
1253 1806 1376 1859 Domnus
1389 1822 1455 1859 vero

219 1906 245 1957 ts
257 1897 380 1972 letusqui
390 1905 445 1972 jam
455 1904 563 1959 obitum
573 1921 654 1958 suum
665 1904 819 1974 praescierat
834 1910 862 1958 et
876 1920 966 1974 regern
981 1905 1118 1958 coelestem
1128 1921 1176 1973 per
1185 1904 1379 1958 internuntiam
1390 1904 1455 1973 reqi-

260 2010 310 2050 nam
322 1999 362 2053 Dei
376 2003 532 2071 genitricem
546 2004 654 2072 placore
666 2002 693 2056 in
711 2003 838 2071 proximo
855 2002 979 2057 obiturus
995 2003 1144 2071 quaerebat,
1162 2019 1322 2072 responsum
1339 2002 1412 2056 dedit
1429 2003 1455 2057 ei

262 2093 329 2150 simile
340 2099 408 2165 juxta
418 2102 472 2155 hoc
484 2103 559 2172 quod
576 2101 614 2156 ait
632 2101 766 2156 Dominus
783 2101 879 2156 Petro:
895 2104 972 2168 Quod
988 2120 1034 2169 epo
1049 2104 1124 2167 facia
1141 2110 1172 2155 tu
1188 2105 1275 2156 nescis
1287 2105 1372 2168 niodo,
1388 2105 1455 2157 scies

264 2200 329 2246 autem
335 2207 423 2264 postea.
435 2200 563 2269 Dixitque
575 2217 605 2254 se
619 2200 856 2254 commonefacere
872 2217 920 2255 eos
936 2200 1114 2270 subsequenti
1127 2206 1250 2269 tempore
1262 2218 1316 2269 qua
1328 2201 1362 2254 de
1374 2217 1456 2254 causa

265 2285 285 2339 id
291 2290 335 2345 feri
342 2295 501 2352 decrevisset.
511 2298 565 2353 Ubi
574 2316 640 2353 vero
652 2303 764 2352 ventum
777 2303 819 2353 est
830 2298 864 2352 ad
876 2298 903 2352 id
915 2300 992 2367 qua*
1004 2299 1074 2352 sacri
1085 2298 1139 2352 olei
1151 2299 1279 2353 unctione
1291 2298 1384 2352 linitus
1394 2303 1454 2352 est:

228 2397 252 2450 ft
266 2386 483 2464 beenitpraedicto
492 2399 637 2463 sacerdoti,
646 2416 701 2453 cccc
713 2402 847 2465 nepotiana
858 2401 929 2467 quod
934 2400 1109 2465 portendebat
1119 2401 1201 2452 missa
1213 2416 1294 2466 quam
1306 2400 1338 2452 dc
1349 2416 1454 2453 assum·

263 2487 404 2550 francicus
411 2498 508 2550 Maria
517 2498 703 2550 concelebrare
712 2499 815 2562 rapaci.

295 2585 322 2644 5.
339 2589 392 2646 Post
407 2593 537 2661 praedicta
548 2609 613 2646 vero
631 2597 737 2662 septem
755 2590 861 2645 dierum
874 2591 962 2661 spatio
979 2591 1099 2657 evoluto,
1111 2592 1193 2647 tertio
1211 2593 1272 2647 idus
1289 2593 1455 2658 Decembris,

266 2683 307 2736 itm
320 2690 432 2759 paralysis
449 2706 535 2760 quam
552 2690 670 2744 febrium
690 2689 836 2743 vexatione
855 2689 924 2742 adeo
943 2689 1024 2757 coepit
1043 2690 1139 2754 arceri,
1159 2695 1190 2743 ut
1208 2689 1311 2744 viribus
1334 2690 1455 2759 corporis

267 2778 451 2844 tattutatecto
460 2790 563 2843 cubare
573 2788 791 2857 compelleretur.
800 2788 905 2842 Exinde
916 2787 1054 2842 dominica
1065 2789 1284 2858 superveniente,
1292 2791 1359 2858 quia
1367 2805 1455 2842 sacer·

232 2886 255 2937 tt
266 2877 302 2932 dos
309 2884 359 2942 aiibi
369 2897 513 2961 occupatus
525 2891 551 2944 ei
565 2890 660 2954 defuit,
672 2906 772 2959 corpus
784 2889 958 2943 Dominicum
970 2889 1062 2944 afferri
1073 2890 1194 2958 expetiit
1206 2890 1286 2958 Quod
1299 2896 1330 2944 ut
1340 2891 1453 2944 allatum

266 2986 397 3042 incoasse
409 2990 496 3058 coepit,
514 3004 578 3042 cum
597 2987 752 3041 reverentia
764 2992 792 3041 et
803 2986 922 3055 tripudio
935 3002 1035 3055 magno
1049 2985 1115 3040 illud
1127 2987 1274 3055 excipiens,
1287 3003 1354 3041 voce
1372 2987 1454 3041 alacri

266 3081 285 3127 ei
296 3089 436 3153 conpetenti
452 3089 601 3143 decantare
621 3087 702 3156 coepit
714 3107 720 3141 :
732 3090 882 3153 Adaeru’sti,
893 3088 1090 3152 desiderabilis,
1108 3103 1185 3154 quem
1205 3088 1408 3154 expectabamus
1424 3089 1454 3140 in

265 3179 349 3238 totins
358 3191 381 3240 et
391 3193 488 3242 cetera.
506 3187 574 3240 Inde
595 3185 686 3241 verbis
704 3186 858 3255 expressius
872 3202 936 3240 eum
955 3185 1104 3239 Dominum
1121 3185 1288 3240 saluatorem
1307 3185 1455 3254 appellans,

265 3269 401 3340 i&tiniarum
418 3286 508 3341 imbre
526 3286 654 3355 perfusus
671 3286 727 3339 ait:
742 3286 763 3339 O
784 3286 898 3339 Domine
914 3286 981 3339 Jcsu
1004 3286 1110 3338 Christe
1129 3285 1267 3349 benedicte,
1284 3293 1309 3336 te
1325 3286 1454 3350 buccolica,

233 3373 253 3426 ii
265 3369 323 3431 laudo
332 3391 350 3436 et
357 3387 482 3453 plurifico,
493 3388 560 3453 quia
570 3403 621 3452 per
632 3393 656 3438 te
668 3386 812 3438 bertedictio
830 3385 904 3438 omni
920 3385 1045 3450 animali,
1057 3385 1156 3437 coeiesti
1171 3401 1204 3437 ac
1214 3385 1347 3448 terrestri,
1355 3401 1452 3451 prooe-

264 3473 298 3536 nit,
307 3487 454 3554 “temptum
466 3493 512 3551 est,
526 3483 540 3510 “
551 3486 634 3538 Omne
645 3486 751 3537 animal
767 3485 900 3551 adimples
911 3485 1096 3537 bencdictione.
1109 3523 1122 3548 „
1141 3484 1178 3536 Er
1194 3491 1233 3547 tu,
1250 3485 1364 3536 Domine
1382 3484 1455 3536 Deus

264 3573 372 3636 *iurator
385 3594 407 3639 et
419 3588 582 3650 misericors,
600 3587 648 3653 qui
665 3586 812 3638 secundum
824 3601 951 3650 scapnam
968 3585 1185 3636 misericordiam
1201 3592 1278 3636 tuam
1290 3601 1330 3635 me
1337 3592 1455 3650 peccata·

264 3682 310 3738 ml»
318 3684 441 3736 minimum
453 3701 594 3738 seruorum
605 3691 724 3749 tuorum,
732 3685 844 3736 visitare
857 3683 994 3746 censuisti,
1006 3690 1031 3734 et
1047 3683 1139 3734 adesse
1150 3682 1219 3733 milii
1230 3684 1344 3734 essentia
1361 3683 1454 3734 divina

262 3775 340 3830 Μὶν
352 3789 372 3834 et
385 3785 506 3837 bumana
519 3786 549 3836 iu
566 3791 736 3837 sacramento
754 3783 923 3836 sacrosancti
940 3783 1064 3849 corporis
1074 3784 1117 3833 tui
1132 3783 1266 3847 dipnarr's,
1277 3783 1421 3833 immensas
1432 3789 1455 3833 et

231 3861 384 3935 iiitnumm
393 3884 442 3936 tibi
451 3886 543 3949 refero
552 3884 668 3949 pretias.
683 3882 857 3935 Oudoranda
872 3881 1005 3945 Trinitas,
1018 3896 1032 3932 o
1050 3881 1203 3932 veneranda
1216 3882 1325 3932 unitas!
1336 3881 1455 3947 Impiaro

265 3978 516 4037 illustrissimum
535 3990 620 4046 tuam,
638 3982 752 4035 Domine
772 3982 856 4044 Deus,
872 3987 903 4032 ut
919 3980 990 4032 itanc
1004 3981 1248 4046 praeumptionem,
1268 3981 1339 4046 qnod
1357 3988 1382 4032 te
1397 3983 1456 4033 sinc

264 4075 365 4131 ”itriola
371 4084 478 4148 pernam
489 4084 579 4150 ipsius
592 4083 722 4147 indipnas
733 4088 756 4133 et
762 4081 883 4147 pollutas
895 4095 993 4131 uranus
1005 4095 1142 4132 assumere
1148 4094 1293 4146 prosumo,
1305 4096 1359 4132 raon
1369 4083 1456 4145 parit-

265 4166 513 4247 i'iit'oeratisfactionc,
522 4197 575 4234 non
588 4182 765 4246 confessionis
774 4180 895 4233 salutari
911 4180 1028 4231 remedio
1040 4179 1198 4231 delictorum
1214 4180 1330 4231 maniis
1339 4180 1456 4244 ablutus,

265 4275 303 4315 Μ
315 4286 448 4333 &curuum
459 4281 588 4334 sordibus
599 4281 767 4344 emundatus,
783 4280 840 4332 saia
857 4280 900 4330 tui
914 4279 1008 4344 pratia
1022 4279 1180 4344 impunitati
1191 4278 1334 4342 attribuas,
1345 4280 1394 4345 qni
1402 4294 1454 4331 non

230 4351 253 4406 ω
265 4359 385 4427 ii”tortam
391 4379 549 4446 maculeris,
560 4378 607 4430 scd
617 4384 646 4430 ut
656 4384 828 4430 convertatur
839 4383 862 4428 ct
874 4377 953 4428 uiuat.
966 4376 1084 4427 Multum
1094 4377 1165 4427 enim
1170 4383 1305 4442 perterret
1314 4384 1338 4429 et
1351 4384 1456 4443 parur-

266 4450 298 4507 iu
309 4474 472 4527 warantum
484 4490 572 4527 meam
583 4480 676 4527 reatus
685 4476 732 4526 sui
739 4474 910 4536 conscientia,
919 4473 992 4540 quod
1003 4474 1150 4540 psalmista
1164 4472 1263 4538 Dauid,
1271 4481 1409 4539 peccantes
1420 4476 1457 4527 ad

265 4560 386 4625 muntia
392 4575 601 4639 satisfactionem
612 4574 741 4636 invitans,
748 4573 841 4636 forma
854 4571 899 4624 sui
907 4572 1061 4637 proestruit,
1073 4571 1164 4623 dicens
1175 4588 1184 4622 .·
1195 4568 1209 4594 “
1218 4571 1328 4624 Larasa
1341 4589 1393 4639 per
1403 4575 1457 4625 cin·

265 4653 510 4726 Dittamntectun
521 4688 618 4737 meum,
636 4672 760 4725 lacrimis
776 4673 843 4724 meis
860 4677 976 4723 stratum
994 4687 1082 4723 meum
1099 4671 1202 4736 ripaba.
1214 4710 1228 4736 „
1247 4670 1370 4736 Sinpulis
1387 4673 1456 4725 enim
