3338 5394
398 354 491 405 aran.
516 353 598 406 aue.
624 354 799 406 sauram.
826 375 873 386 —
899 354 982 408 oon.
1007 347 1045 406 Ν0
1070 353 1146 406 arro.
1323 333 1394 406 277

101 579 105 586 -
162 545 309 601 silucerna
326 549 385 602 baec
403 566 464 618 quae
477 549 505 603 in
518 548 627 603 Christo
639 548 817 619 spiritualiter
834 565 929 603 amore
946 549 1087 619 flagrabat,
1096 549 1132 602 ob
1145 548 1306 603 humanitus
1315 564 1397 618 expe·

162 645 264 700 rieudae
275 647 375 702 divinae
386 648 495 701 virtutis
506 649 647 711 miracula,
660 649 780 703 extincto
795 649 896 718 saepius
912 647 1019 714 lumini,
1031 647 1144 702 alterius
1161 648 1265 716 absque
1283 647 1397 702 admini-

163 743 225 799 culo
242 748 369 810 mutuati,
379 747 489 816 igneum
507 747 669 801 mirabiliter
687 764 818 816 vaporem
835 747 971 801 adhibens
989 747 1112 801 tomenta
1129 747 1260 801 divinitus
1277 746 1397 802 recidiva

163 844 310 912 praebebat.
321 846 381 900 Rex
390 846 508 916 denique
520 846 615 915 gratia,
627 864 688 917 quae
697 847 748 901 sibi
761 847 796 900 ab
806 847 1004 916 omnipotentis
1017 847 1066 900 Dei
1083 846 1175 901 divino
1188 863 1302 901 munere
1314 846 1397 912 fulsit,

162 942 247 1011 hujus
257 945 343 998 sancti
356 945 415 1010 viri,
427 962 511 1013 quarn
524 946 695 1014 promodulo
708 950 808 999 nostrae
821 946 985 999 tantillitatis
996 945 1116 998 breviter
1133 945 1318 1014 exposuimus,
1331 962 1397 1014 prae·

164 1041 253 1095 clure*
263 1044 371 1097 virtutis
382 1045 526 1113 indagator
539 1049 566 1098 et
575 1044 663 1098 iactor
675 1045 806 1114 egregius,
816 1045 888 1098 idem
901 1044 1061 1098 beatissimo
1071 1049 1099 1098 et
1108 1061 1124 1097 a
1134 1045 1192 1098 Deo
1204 1044 1307 1098 caelitus
1317 1044 1397 1098 militi

163 1141 287 1196 laureato
296 1143 420 1198 omniurn
433 1161 495 1212 quae
504 1144 639 1198 hactenus
650 1145 809 1213 possederat
817 1145 922 1214 absque
931 1143 1042 1197 militari
1053 1143 1185 1212 obsequio
1194 1144 1310 1197 liberam
1321 1144 1397 1198 exhi-

165 1241 233 1296 bens
244 1241 410 1298 facultaterrr.
423 1248 521 1312 praeter
532 1245 606 1312 quod
618 1248 715 1316 sponte
724 1260 774 1297 sua
783 1244 927 1298 dumtaxat
939 1244 1033 1297 lecerit
1046 1259 1095 1312 pro
1108 1243 1258 1296 inhibendo
1272 1243 1398 1297 videlicet

164 1340 335 1395 stabiliendae
347 1341 421 1410 pacis
432 1342 542 1396 decreto
555 1359 587 1395 ac
599 1342 710 1411 reliquae
719 1343 895 1396 *sanctitatis
907 1342 1052 1411 colloquio,
1066 1342 1202 1395 interdurn
1215 1343 1250 1394 ad
1259 1342 1273 1373 *
1283 1341 1399 1396 feliciter

165 1438 300 1492 veniendo
312 1444 468 1492 reverenter
480 1454 543 1492 euru
561 1439 681 1492 admodo
700 1439 776 1503 vidit,
794 1456 826 1492 ac
843 1439 1013 1493 reverentius
1031 1439 1169 1507 excipiens
1186 1439 1399 1508 praecordialiter

165 1537 308 1606 ipsumque
317 1537 420 1591 dilexit.
430 1538 470 1591 lta
482 1554 538 1591 non
551 1537 641 1592 solum
651 1539 784 1592 debemus
796 1539 907 1606 diligere
917 1554 986 1607 quos
998 1539 1104 1592 meritis
1115 1539 1197 1592 simul
1209 1557 1241 1592 ac
1254 1540 1401 1593 virtutibus

166 1635 408 1689 affatimnovimus
421 1652 573 1696 coruscare,
591 1636 638 1688 sed
657 1635 740 1689 etiam
759 1636 884 1689 fidelibus
902 1636 1043 1704 obsequiis
1058 1637 1286 1690 honorificentius
1298 1653 1401 1705 praeve·

166 1737 233 1800 nire,
247 1740 274 1789 et
286 1735 333 1803 qui
345 1739 387 1788 est
398 1735 425 1788 in
441 1735 543 1788 sanctis
554 1735 611 1788 suis
623 1735 763 1800 mirabilis,
776 1735 864 1804 dignis
880 1737 937 1789 Deo
953 1736 1070 1804 jubilare
1082 1737 1226 1806 praeconiis
1238 1754 1270 1790 ac
1279 1735 1401 1806 mysticis

166 1835 303 1888 honorare
316 1835 484 1897 muneribus,
495 1835 542 1903 qui
556 1838 597 1887 est
608 1834 769 1888 benedictus
779 1835 806 1887 in
820 1836 942 1888 seculum
952 1835 1044 1889 seculi.

269 1953 329 2024 12⁰
354 1953 441 2026 Vita
456 1953 515 2025 vel
538 1952 670 2026 Passio
688 1953 724 2026 S.
743 1953 878 2025 Kalixti
896 1953 1057 2046 episcopi
1075 1959 1111 2026 et
1128 1954 1304 2046 martyris
1322 1953 1401 2046 (fol.

316 2070 482 2159 tlt-tir).

200 2199 281 2252 Edita
292 2197 320 2251 in
333 2201 391 2250 Act.
405 2200 460 2259 SS,
470 2197 504 2250 ad
517 2197 542 2249 d.
554 2197 584 2249 lt
596 2196 700 2257 Octob,
711 2201 776 2250 torn.
790 2196 833 2259 l'l,
842 2214 866 2264 p.
879 2197 998 2250 eruet

271 2317 397 2389 130111
423 2317 494 2388 hoc
519 2315 642 2388 libello
668 2316 827 2387 habetur
852 2315 1011 2405 qualiter
1033 2317 1224 2389 Eurardus
1250 2316 1404 2410 Foroju·

317 2431 442 2504 liensis
455 2432 532 2503 dux
550 2452 683 2523 corpus
700 2430 799 2503 beati
812 2430 949 2502 Kalixti
964 2431 1138 2523 martyris
1152 2430 1403 2524 impetraverit

316 2548 414 2620 etde
440 2546 638 2619 virtutibus
654 2568 748 2636 quas
767 2567 935 2637 pereum
953 2546 992 2618 in
1017 2547 1078 2618 via
1103 2546 1266 2638 positum
1283 2540 1341 2619 vel
1359 2569 1403 2620 eo

223 2752 226 2758 ἢ
317 2669 481 2754 tempore
503 2684 577 2752 quo
603 2663 642 2733 in
669 2660 938 2733 monasterium
965 2662 1120 2734 allatum
1147 2668 1203 2735 est
1219 2662 1403 2736 Dominus

317 2777 518 2850 ostenderit
534 2778 612 2871 (fol.
630 2778 796 2867 ubl-027¹).

202 2908 281 2961 Edita
294 2908 365 2971 ibirl,
378 2926 403 2976 p.
412 2909 462 2960 443
473 2925 532 2975 sqq.
541 2907 605 2959 Haec
615 2923 690 2960 nuru.
702 2908 719 2959 t
731 2907 824 2959 omisit
837 2907 953 2960 Buarus:

201 3024 251 3077 Hic
262 3023 355 3091 itaque
364 3023 443 3076 miles
453 3023 552 3076 Christi
565 3040 621 3076 non
633 3023 708 3091 piger
719 3028 802 3090 atque
813 3022 926 3090 frigidus
938 3022 1011 3074 circa
1023 3023 1104 3074 tidem
1118 3038 1149 3075 ac
1168 3022 1344 3076 dilectionem
1353 3023 1405 3077 Dei

169 3122 371 3176 multitudinem
383 3122 471 3190 gentis
481 3122 640 3174 Sclavorum
653 3121 823 3188 aliarurrrque
833 3136 1000 3190 paganarum
1014 3121 1145 3189 gentium,
1158 3122 1206 3175 ubi
1219 3126 1247 3174 et
1258 3122 1316 3190 ipse
1326 3122 1405 3190 quasi

169 3221 281 3290 quidam
294 3221 451 3289 marginalis
464 3220 542 3273 miles
552 3237 584 3272 ac
594 3220 672 3273 limes
682 3220 716 3272 ad
726 3220 936 3272 discernendum
944 3219 1015 3272 filios
1025 3219 1074 3272 Dei
1084 3237 1101 3272 a
1113 3220 1176 3273 liliis
1186 3220 1288 3274 diaboli
1299 3221 1407 3274 fortiter
1503 3214 1505 3218 ’

169 3322 285 3377 astabat,
297 3320 387 3374 valida
405 3336 489 3373 manu
502 3320 601 3387 sapius
614 3319 798 3371 debellaverat
819 3318 975 3386 pariterque
988 3318 1072 3371 armis
1084 3320 1210 3372 terrendo
1229 3336 1261 3372 ac
1277 3319 1406 3387 praedira·
1452 3312 1454 3316 ’

169 3420 290 3473 tionibus
310 3418 466 3488 apostolicis
485 3418 658 3479 instituendo,
677 3434 710 3471 ex
731 3418 770 3470 eis
792 3417 923 3485 paulatim
941 3418 1108 3484 spoliaverat
1128 3422 1210 3484 atquo
1230 3418 1406 3471 imminuerat

170 3518 270 3572 diaboli
288 3534 401 3586 regnum
423 3524 449 3571 et
469 3518 632 3570 dilataverat
652 3521 733 3585 atque
755 3516 884 3569 vestierat
903 3516 1023 3568 ecclesian
1041 3516 1182 3569 catholicae
1200 3517 1322 3570 domum.
1334 3516 1404 3569 Nam

170 3634 242 3686 saepe
259 3618 402 3671 adversum
422 3607 593 3670 ismahelitas
606 3621 688 3684 atque
700 3616 848 3683 agarenos,
867 3615 914 3683 qui
932 3631 961 3667 se
979 3618 1143 3667 Sarracenos
1155 3615 1312 3683 gloriantur¹
1326 3615 1406 3668 dimi·

171 3732 236 3769 cans
247 3722 397 3784 contraque
411 3715 591 3768 Numidarum
611 3731 642 3767 ac
660 3715 818 3767 Maurorum
835 3714 1000 3767 saevissimos
1019 3712 1135 3781 populos
1152 3713 1280 3766 resistens
1299 3714 1405 3767 sortiter

140 3845 143 3848 >
172 3830 226 3866 non
238 3814 378 3866 modicum
397 3829 431 3865 ex
444 3813 508 3881 ipsis
521 3816 709 3879 reportaverat
721 3812 900 3879 triumphum.
914 3813 946 3864 Et
964 3812 1036 3863 rrnde
1053 3812 1180 3864 hostibus
1193 3815 1275 3879 atque
1287 3811 1405 3865 inimicis

171 3913 292 3966 ecclesias
301 3912 438 3966 tristitiam
452 3918 535 3979 atque
549 3911 722 3964 iornridinem
736 3911 894 3969 incusserat.
908 3911 970 3963 inde
983 3911 1045 3963 fidei
1059 3911 1218 3963 domesticis
1235 3914 1318 3978 atque
1335 3910 1405 3977 eius-

171 4010 344 4062 demsanctre
364 4008 460 4061 matris
478 4008 604 4061 Ecclesia
621 4009 726 4061 cunctis
743 4008 869 4061 fidelibus
887 4008 1008 4061 laetitiam
1029 4012 1055 4060 et.
1074 4008 1240 4060 hilaritatem
1260 4008 1405 4069 infuderat,

172 4109 290 4176 totisque
303 4107 364 4160 ritae
373 4123 421 4160 seu
434 4105 679 4159 adrrrinistrationis
688 4123 744 4159 suar
754 4107 858 4161 diebus,
867 4123 928 4173 quae
939 4107 986 4158 llei
998 4107 1062 4167 Deo,
1073 4111 1100 4158 et
1108 4123 1170 4174 qum
1181 4106 1296 4158 Crrsaris
1306 4107 1406 4159 Caesari

172 4206 288 4260 reddens
301 4207 451 4259 immunem
464 4222 522 4258 sea
537 4205 649 4263 cunctis,
659 4222 719 4273 quae
732 4205 861 4258 secularis
874 4207 1004 4273 potentian
1016 4206 1103 4257 tastris
1115 4205 1236 4273 requirit,
1249 4206 1405 4258 custodiens

173 4306 230 4359 Deo
246 4305 297 4359 soli
309 4305 382 4373 quod
395 4305 484 4358 luerat
493 4310 520 4358 et
529 4306 602 4373 quod
615 4304 718 4357 fecerat
729 4305 860 4357 sollicitus
873 4305 1059 4357 consecrabat.
1073 4305 1136 4357 Erat
1149 4305 1222 4357 enim
1239 4305 1298 4370 ejus
1311 4305 1367 4358 vita
1379 4309 1406 4358 et

172 4408 249 4458 actus
259 4405 314 4471 regi
327 4420 377 4456 suo
387 4403 486 4456 caelesti
496 4403 651 4471 pariterque
662 4403 804 4470 temporali
815 4402 952 4463 amabilis,
960 4402 1040 4455 sociis
1051 4407 1076 4455 et
1087 4403 1328 4455 contubernalibus
1339 4420 1405 4470 prae-

173 4503 296 4557 dicabilis
307 4520 338 4555 ac
352 4503 523 4559 venerabilis.
535 4501 664 4565 subjectis
677 4501 806 4554 omnibus
818 4501 961 4554 obcdibilis
974 4506 1056 4569 atque
1068 4501 1218 4566 imitabilis,
1233 4502 1360 4555 hostibus
1373 4519 1405 4556 ac

173 4602 361 4671 peccatoribus
374 4600 560 4654 formidabilis.
572 4600 628 4653 lllis
640 4600 731 4660 etiam,
743 4617 813 4667 quos
826 4599 967 4653 diabolicae
982 4600 1102 4668 pertidia»
1114 4600 1198 4652 araris
1211 4600 1273 4653 fidei
1286 4601 1405 4655 substra-

175 4705 259 4764 xerat,
275 4700 404 4755 ecclesias
414 4717 446 4754 ac
464 4701 631 4753 monasteria
649 4716 697 4766 per
714 4698 821 4752 diversa
834 4699 994 4752 eorumdem
1009 4704 1086 4753 terrae
1099 4700 1159 4753 loca
1177 4700 1367 4765 fabricaverat,
1380 4705 1407 4754 et
