3270 5400
240 301 335 353 ama.
353 300 436 356 aaa.
455 302 629 356 samana.
648 325 696 336 —
717 304 864 359 arpenn.
881 306 929 357 an
946 306 1027 359 con.
1045 297 1084 358 u0
1101 305 1225 359 aeos-ao.
1280 286 1351 359 ull

180 610 217 655 nr
238 609 420 655 vmnaasm
444 610 545 656 onous
566 611 771 658 rnmcrrsno.
795 593 874 675 (Cir.
895 614 1004 677 supra,
1025 605 1099 679 pag.
1121 595 1192 673 ull,
1216 595 1291 679 12⁰.)

124 809 244 882 Inclplt
263 812 436 882 prologus
456 811 494 869 ln
515 811 595 870 vlta
612 811 744 872 odonis
758 811 964 886 presbiteri,
979 811 1051 871 vlrl
1064 812 1226 885 renatosl
1239 814 1352 885 atque

505 909 657 982 perlecti
678 912 772 970 omnl
792 912 940 971 virtute.

158 1101 189 1157 t.
212 1102 285 1155 Deus
295 1102 427 1156 bumanae
441 1100 537 1155 salutis
548 1106 657 1156 amator
669 1102 765 1158 fideles
776 1120 842 1158 suos
854 1103 1011 1158 nouaclum
1024 1105 1219 1174 prophetarum
1237 1111 1347 1175 aposto·

104 1197 256 1270 lorumque
267 1198 412 1270 praeconiis
421 1199 511 1254 voluit
523 1216 583 1254 esse
599 1202 731 1266 munitos,
749 1218 845 1255 rerum
863 1201 946 1255 eliam
964 1218 1060 1255 eorum
1077 1201 1211 1272 exemplis
1228 1218 1344 1271 quorum

63 1303 80 1352 d
102 1296 169 1352 vita
187 1300 274 1369 fulget
290 1299 448 1364 virtutibus,
465 1304 497 1354 ut
513 1300 630 1354 humani
657 1301 765 1370 generis
784 1301 927 1356 insidiator
949 1301 1075 1356 diabolus
1100 1301 1175 1355 omni
1193 1302 1347 1370 privaretur

96 1396 255 1453 occasione
267 1397 461 1466 supplantandi
474 1416 480 1451 z
492 1403 661 1469 quapropter
672 1399 798 1469 quaedam
812 1399 846 1453 de
864 1400 920 1454 vila
933 1403 960 1452 et
977 1399 1011 1453 de
1023 1399 1147 1454 moribus
1159 1399 1236 1453 omni
1247 1388 1346 1455 disere

91 1492 186 1551 lione
205 1497 366 1566 compositis
383 1496 497 1563 odonis,
517 1497 569 1552 viri
590 1499 677 1552 beata
696 1499 847 1563 memoriae,
865 1515 914 1567 per
930 1498 1082 1553 litterarum
1100 1499 1192 1568 apices
1208 1515 1265 1563 sue
1284 1499 1346 1553 ritae

86 1597 250 1666 exemplar
261 1596 402 1651 affectanti
411 1596 477 1650 duxi
488 1599 733 1652 commemoranda
744 1603 783 1660 ut,
796 1599 926 1667 quamvis
936 1598 1037 1652 absens
1048 1602 1121 1652 esset
1132 1598 1266 1667 corporali
1279 1615 1345 1668 prae-
1399 1643 1401 1649 ,

81 1696 207 1761 sentia,
220 1701 312 1750 umen
325 1712 446 1765 praesens
457 1695 617 1751 sitsuarum
631 1698 645 1727 *
655 1696 788 1751 virtutum
807 1698 951 1752 memoria.
963 1697 1099 1765 Quoniam
1118 1697 1199 1766 igilur
1215 1690 1276 1765 ejus
1287 1698 1344 1751 rita
1425 1700 1439 1729 *
1451 1702 1507 1754 eod.

31 1793 59 1844 lu
78 1791 130 1845 ab
155 1793 230 1864 ipsis
249 1794 394 1850 cunabulis
411 1800 471 1849 erat
487 1795 615 1865 gratiosa,
632 1796 668 1850 ab
687 1796 772 1865 ipsius
791 1797 930 1865 primaeva
952 1797 1040 1850 etatis
1058 1796 1161 1866 origine
1178 1796 1344 1851 narrationis
1408 1780 1531 1820 summ·

73 1897 234 1946 sumatur
244 1891 399 1947 exordium.

416 2077 573 2151 Explicit
591 2080 775 2151 prologus.
798 2078 927 2151 lnclplt
945 2078 1035 2138 vita.

125 2281 185 2341 2.
210 2286 258 2341 Vir
273 2286 354 2357 igitur
366 2285 530 2341 venerabilis
542 2285 610 2350 ouo,
627 2287 714 2340 aDeo
730 2286 834 2340 electus
845 2302 902 2339 suae
920 2284 1041 2339 ecclesiae
1055 2285 1164 2339 futurus
1175 2284 1344 2354 praedicator,

69 2383 219 2444 aeuitur
236 2403 253 2441 a
270 2390 348 2456 patre
363 2384 476 2439 litterali
492 2385 608 2439 scientia
621 2401 678 2441 non
689 2385 798 2439 modice
810 2384 925 2449 erudito,
943 2382 1041 2438 litteris
1052 2383 1217 2438 imbuendus
1228 2384 1344 2438 traditus

29 2484 56 2533 16
71 2482 138 2533 Θδῐ.
157 2482 225 2552 Qui
236 2489 345 2556 arrepto
362 2484 461 2540 itinere
472 2482 656 2553 intelligentia
665 2483 831 2549 litterarum,
845 2501 908 2537 cum
918 2483 1008 2537 adbuc
1017 2488 1090 2536 esset
1098 2483 1229 2537 minimus
1238 2487 1344 2539 statura

73 2578 109 2629 01
119 2586 227 2639 aetate
238 2590 323 2650 tener,
334 2584 445 2639 diversa
461 2584 560 2638 fulurae
571 2584 716 2653 probitatis
730 2583 918 2651 praetendebal
928 2586 1098 2652 argumenta.
1110 2582 1181 2637 Clari
1199 2581 1272 2638 enim
1285 2588 1345 2638 erat

76 2672 215 2745 ingenii
226 2685 403 2739 etmemoriae
412 2683 524 2749 tenacis,
534 2683 851 2753 bumilismcgistrorum
862 2683 978 2745 auditor,
988 2688 1015 2736 et
1027 2698 1087 2751 quae
1099 2698 1116 2735 a
1129 2682 1264 2751 magistris
1273 2682 1344 2736 auri·

79 2769 143 2827 bus
169 2780 331 2847 hauriebat,
349 2782 378 2836 in
397 2782 518 2852 pectoris
535 2781 685 2836 armoriolo
705 2780 865 2834 memoriter
884 2781 1056 2834 recondebat.
1074 2780 1144 2833 Tam
1161 2780 1261 2849 pueriS,
1279 2797 1343 2834 cum

81 2871 216 2934 cuibus
225 2884 339 2952 puerilia
350 2883 478 2952 capiebat
487 2882 650 2948 rudimenta,
661 2898 744 2950 quam
758 2897 820 2934 cum
834 2880 934 2948 quibus
945 2881 1133 2933 conversando
1146 2880 1242 2933 liorem
1255 2879 1344 2948 exegit

42 2976 70 3026 tt
84 2964 268 3045 iuventutis,
279 2997 309 3035 se
322 2981 489 3050 diligendum
501 2979 634 3045 exhibuit,
647 2979 683 3033 ita
697 2984 790 3033 lamen
808 2979 881 3047 quod
894 2978 929 3031 ab
947 2977 1089 3043 illecebris,
1106 2978 1206 3046 quibus
1215 2976 1344 3045 juvenilis

87 3068 169 3123 ΜΒ
182 3077 334 3143 plurimum
344 3078 465 3135 lacessiri
481 3078 690 3140 solet,mundus
702 3083 729 3131 et
741 3077 933 3131 immaculatus
945 3076 1110 3130 remansisse
1119 3076 1285 3145 perhibetur.
1293 3075 1343 3130 Cui

90 3157 194 3223 smel·
210 3176 302 3243 fuerat,
313 3178 450 3233 Henricus
463 3176 583 3241 nomine,
593 3181 727 3245 quantum
741 3177 805 3230 sinit
814 3176 926 3245 puerilis
942 3180 1008 3229 aetas
1023 3175 1052 3229 in
1065 3175 1217 3229 litterarum
1230 3173 1343 3229 scientia

93 3264 242 3341 “fiditur
250 3278 296 3347 qui
308 3294 365 3333 non
374 3278 465 3332 solum
474 3277 532 3345 ejus
544 3277 630 3330 frater
636 3276 765 3330 extiterat
774 3275 897 3344 ejusdem
908 3274 1048 3344 sanguinis
1057 3274 1245 3337 connectione,
1256 3273 1342 3327 immo

95 3355 192 3422 etiarn
216 3390 319 3431 morum
338 3376 532 3431 conformitate
550 3376 571 3430 *.
583 3375 704 3444 Uteruue
715 3375 829 3429 fratrum
844 3390 907 3428 cum
917 3373 1029 3442 jecisset
1041 3373 1151 3427 stabilia
1163 3374 1343 3426 fundamenta
1425 3380 1440 3411 *
1449 3382 1507 3435 eod,

57 3458 85 3509 ὓ
97 3454 122 3502 ⁰²
131 3469 242 3540 ⁸111bo,
251 3481 385 3545 quantum
398 3475 569 3546 expediebat,
581 3475 609 3528 in
619 3474 769 3543 puerilibus
787 3479 879 3527 essent
888 3472 1037 3537 exercitati,
1050 3473 1085 3526 ad
1097 3472 1210 3540 majoris
1222 3471 1342 3525 scientiae
1367 3445 1563 3503 ⁰⁰¹¹s⁰f¹¹¹st³¹i·

98 3550 224 3625 “nmen
233 3576 382 3644 aspirantes
400 3580 457 3629 tam
470 3590 553 3628 causa
564 3574 694 3627 doctrinae
706 3590 790 3642 quam
803 3571 892 3641 gallici
906 3570 1044 3625 idiomatis
1053 3571 1221 3625 Francorum
1233 3569 1342 3638 provin·

98 3642 157 3708 ‘¹⁸¹³
191 3671 272 3728 adire
289 3674 491 3743 disposuerunt
506 3673 548 3727 llli
566 3671 647 3742 igilur
664 3670 803 3741 accepturi
823 3671 962 3725 licentiam
986 3670 1106 3724 assidere
1123 3669 1195 3739 patri
1211 3669 1341 3723 diuturno

97 3739 242 3850 lfnfflore
256 3772 365 3827 devicto
378 3773 473 3841 etjam
486 3771 570 3825 morti
581 3770 680 3835 vicino,
691 3771 738 3839 qui
758 3775 820 3838 post
831 3769 937 3839 reliqua
949 3770 1035 3823 verba
1047 3767 1246 3824 exhortationis
1258 3767 1342 3822 bene-

95 3836 147 3901 d¹¹i²
177 3861 265 3936 filis,
284 3888 348 3926 eum
366 3871 484 3940 amplius
501 3886 558 3924 non
581 3868 689 3934 visuris,
713 3868 806 3922 dicens
827 3888 833 3922 ε
854 3870 1009 3922 Benedictio
1027 3885 1081 3936 qua
1107 3870 1240 3921 benedicit
1256 3868 1342 3922 Jacob

55 3938 269 4023 nm'f‘lrebc
292 3972 361 4037 filiis
384 3973 444 4024 suis
468 3971 610 4024 descendat
632 3986 715 4037 super
738 3984 791 4023 eoa.
817 3967 886 4021 Dein
913 3965 1096 4020 valedicentes
1114 3966 1184 4034 patri
1202 3970 1229 4020 et
1245 3965 1342 4020 amicis

90 4030 232 4116 mina
247 4068 361 4136 profecti
380 4074 453 4123 sunt

119 4130 150 4247 ‚³⁰
219 4161 394 4221 Postmodum
407 4172 501 4221 autem
513 4170 654 4237 comperta
667 4170 757 4219 morte
770 4164 863 4234 patris,
881 4164 987 4234 fulgore
998 4163 1118 4218 scientiae
1131 4165 1260 4217 decenter
1272 4163 1341 4219 iusi·

89 4237 145 4302 “¹¹5
167 4262 379 4330 ¹'epatrianles
390 4265 419 4319 in
432 4265 533 4335 oppido
550 4281 607 4319 suae
625 4264 776 4318 nativitatis
793 4263 957 4317 commorati
969 4268 1041 4317 sunt.
1054 4263 1119 4317 Post
1137 4263 1195 4316 baec
1208 4261 1341 4316 Henricus

91 4334 186 4395 mim?
207 4366 283 4427 natu,
294 4363 382 4433 gralia
399 4364 492 4418 divina
503 4363 660 4432 inspiratus,
671 4368 760 4417 matre
772 4368 800 4417 et
812 4363 895 4416 fratre
907 4362 1016 4426 relictis
1025 4363 1169 4416 attendens
1180 4361 1248 4416 illud
1260 4378 1342 4416 eran·

54 4434 84 4491 ²⁵
96 4436 230 4511 ssffmm
238 4478 245 4513 :
254 4463 264 4488 ¹
274 4462 325 4531 Qui
337 4462 479 4533 reliquerit
493 4505 503 4529 ,
516 4504 522 4529 ,
540 4468 569 4518 et
579 4469 678 4529 cetera,
695 4461 895 4517 monasterium
907 4462 1044 4531 quoddam
1058 4461 1202 4531 ingressus
1213 4460 1340 4515 habitum

102 4550 291 4617 monachum
303 4563 431 4633 suscepit.
449 4561 502 4631 Qui
519 4567 648 4632 suscepto
665 4561 802 4631 religionis
819 4560 917 4615 habitu
935 4561 1042 4615 circiter
1054 4561 1136 4615 unius
1148 4562 1163 4593 *
1175 4560 1339 4615 curriculum
1364 4562 1378 4591 *
1389 4562 1484 4637 supple
1498 4562 1560 4636 post

10 4670 13 4699 l
108 4637 187 4710 hiim
197 4655 264 4714 vita
272 4661 370 4717 itinere
379 4661 494 4716 feliciter
504 4645 676 4732 migraritad
684 4661 843 4716 Dominum.
854 4660 1022 4715 Memoratus
1033 4659 1144 4728 quidem
1153 4659 1212 4715 0do
1223 4660 1340 4729 juvenis,
1375 4627 1478 4694 (umus)
1485 4640 1559 4680 ³³⁰¹·
