3270 5400
115 519 282 572 ’cmssatuu

319 306 393 380 498
655 324 782 377 curun.
808 325 911 376 0000.
938 322 1213 375 0101001111110.

320 523 418 571 noema
423 517 577 584 perieulum
594 515 672 568 urbis
684 516 755 582 quod
771 515 801 567 in
813 516 870 568 dies
879 521 1028 582 prassatur
1039 515 1061 576 ⁴,
1082 512 1186 566 Christi
1201 513 1244 566 tui
1259 513 1359 564 uirtute
1374 510 1548 579 propellatur.

321 615 497 682 Serpentium
508 615 602 666 danim
610 615 738 679 intumet
747 612 1056 678 intolerabilisptatusex
1064 613 1153 664 nostri
1162 611 1299 677 quondam
1308 611 1441 662 ludorum
1456 616 1549 675 specta

321 716 381 768 culo
388 715 488 767 theatri
496 714 642 779 procedens
651 713 740 779 ipsum
747 713 827 764 etiam
839 712 988 778 corrumpit
995 727 1092 774 aerem,
1100 717 1124 763 et
1132 712 1173 762 sic
1181 711 1309 761 miseram
1319 709 1426 761 inducit
1432 709 1548 774 peetderr

321 815 395 866 tiam.
408 813 469 865 Non
480 813 572 864 minus
586 813 720 878 siquidem
734 811 873 877 afflipitur
884 817 982 864 nostra
997 810 1076 863 urbis
1084 810 1203 876 populus
1215 809 1249 860 ab
1260 810 1378 861 istorum
1389 811 1548 874 serpentium

319 911 439 976 flatibus,
448 926 530 977 quam
541 911 567 961 si
577 925 677 961 manus
688 910 800 960 inimica
812 915 908 960 nostra
923 909 1056 961 obsideret
1068 909 1176 959 mania.
1195 908 1282 960 Periit
1293 882 1370 959 enim
1382 923 1450 972 pene
1461 912 1548 959 cunda
1560 907 1574 956 1

209 1012 215 1024 '
229 1050 236 1063 .
320 1010 408 1062 nostri
419 1009 546 1061 suburbii
557 1008 736 1074 apricultura,
747 1009 811 1074 quia
820 1023 873 1059 non
884 1009 961 1059 niodo
972 1007 1197 1071 homines,aerum
1202 1007 1337 1071 jumenta,
1347 1006 1412 1072 equi
1418 1005 1441 1070 ',
1450 1021 1547 1058 armest-

319 1112 461 1174 torumque
475 1123 569 1173 prepes
580 1123 640 1158 cum
648 1106 792 1172 pecoribus
803 1107 934 1158 interimit
945 1106 997 1157 huc
1012 1106 1077 1168 lues,
1093 1106 1167 1157 etsie
1182 1104 1351 1170 farriteram
1368 1110 1449 1156 tem
1459 1110 1549 1158 nostru

317 1205 421 1271 plebum
429 1221 520 1271 cepres
531 1206 670 1271 replerunt
681 1205 823 1257 amidanae.
833 1204 864 1256 Si
875 1220 937 1269 erpo
949 1204 1051 1256 nostris
1060 1203 1185 1270 precibus
1197 1203 1239 1254 tui
1250 1204 1372 1269 efficatia
1384 1202 1489 1255 Christi
1496 1203 1548 1268 suf·

317 1304 457 1369 frapatur,
466 1310 517 1356 tua
520 1304 724 1370 praedicationis
734 1304 799 1368 fidei
809 1303 984 1368 subjiciemur
992 1303 1087 1355 cuncti.
1096 1300 1275 1353 Reverendus
1286 1299 1419 1353 sacerdos
1428 1300 1548 1355 Clemens

318 1400 417 1454 iterum
429 1401 490 1453 infit
499 1419 505 1454 :
515 1401 577 1453 Non
588 1403 691 1453 mirum
697 1403 723 1454 si
734 1418 780 1454 roe
790 1403 821 1454 iu
830 1417 950 1454 errorem
959 1401 1049 1471 lapsos
1061 1401 1196 1452 idolorum
1214 1407 1351 1466 serpentes
1368 1406 1475 1464 mant,
1487 1401 1547 1468 quia
1562 1398 1586 1448 11

316 1499 380 1551 inde
391 1501 455 1551 solet
466 1499 590 1550 diabolus
601 1501 729 1550 mortales
740 1498 872 1564 afflipere,
883 1497 955 1549 unde
966 1513 994 1548 se
1001 1497 1145 1563 pollicetur
1151 1497 1286 1562 prodesse.
1300 1496 1402 1549 Verum
1412 1498 1547 1550 enimvero

317 1597 430 1650 Domini
441 1599 529 1649 nostri
536 1597 604 1649 Jesu
619 1596 723 1649 Christi
733 1599 821 1648 uirtus
829 1596 950 1648 celeriter
959 1596 1031 1662 quod
1038 1596 1182 1661 postulatis
1194 1595 1275 1660 eflicit
1286 1596 1312 1647 ei
1323 1602 1478 1648 uestrorum
1486 1597 1548 1661 tides

316 1697 439 1749 cordium
450 1697 530 1748 dictis
539 1697 679 1748 uerborum
691 1696 815 1748 concinit.
829 1693 1041 1762 Responderunt
1051 1692 1147 1761 populi
1159 1711 1165 1746 :
1181 1693 1222 1744 Tu
1234 1695 1424 1747 tantummodo
1435 1694 1510 1748 nobis
1519 1695 1547 1747 is

316 1810 453 1847 coutmuue
465 1795 553 1859 dicite,
565 1796 632 1861 quid
639 1812 692 1861 pro
703 1797 754 1847 isto
761 1795 917 1860 faciundum
930 1795 965 1845 sit
972 1795 1103 1860 periculo.

356 1891 456 1947 XIII.
478 1893 579 1946 Beatus
597 1891 723 1946 Clemens
734 1893 791 1960 jam
804 1907 853 1960 per
869 1890 994 1960 spiritum
1006 1890 1160 1959 intelligens
1171 1889 1279 1943 semina
1295 1889 1374 1943 rerhi
1392 1888 1443 1944 Dei
1455 1905 1545 1945 eornm
1562 1892 1585 1942 u

315 1990 415 2044 mentis
426 1989 509 2043 sulcis
520 1994 647 2057 suscepta
659 1994 688 2043 et
698 1990 829 2058 impressa
850 1989 917 2052 iore,
929 1988 1007 2058 quasi
1019 1988 1088 2042 alter
1099 1988 1233 2041 cherubin
1246 1988 1363 2058 quistet
1379 2005 1445 2043 curn
1462 2005 1545 2044 versa·

315 2088 355 2142 tili
367 2088 530 2157 3101100010
543 2088 616 2142 iores
628 2089 763 2157 paradysi,
773 2093 800 2141 et
812 2088 869 2156 ipse
882 2087 1029 2141 astantium
1039 2087 1205 2140 observabat
1215 2086 1360 2141 introitum
1377 2087 1452 2154 fidei,
1462 2086 1543 2158 prieti·

315 2202 435 2256 numque
454 2203 575 2240 errorem
596 2187 718 2255 ipsorum
741 2186 831 2254 gladio
854 2185 1017 2255 paenitentiae
1043 2185 1164 2239 deceruit
1185 2186 1397 2254 amputandum.
1424 2187 1544 2241 Alterum

314 2284 463 2339 dixerimus
474 2302 533 2339 esse
545 2285 687 2354 0110113010
700 2291 825 2339 nostrum
844 2285 984 2339 doctorem
1003 2284 1180 2353 precipuum,
1192 2284 1358 2339 elementem
1375 2290 1477 2339 natura
1491 2300 1543 2340 11011

314 2384 413 2438 officio.
423 2384 492 2437 Nam
512 2389 581 2438 teste
599 2385 723 2453 apostolo
738 2387 748 2409 ⁸
761 2384 862 2438 Omnes
875 2384 989 2453 angelici
1000 2383 1111 2452 spiritus
1123 2383 1222 2437 dirinae
1240 2388 1304 2438 sunt
1320 2384 1543 2439 administratorii
1557 2382 1582 2433 ὓ)

313 2483 492 2552 providentia
507 2524 518 2548 ,
537 2488 565 2536 et
576 2499 672 2536 omnes
685 2482 785 2536 Christi
797 2483 961 2546 sacerdotes,
973 2483 1108 2551 propheta
1122 2487 1246 2546 testante,
1260 2483 1394 2538 officiales
1405 2483 1543 2553 0111110310

313 2587 341 2635 01
349 2581 469 2649 justitiae.
484 2583 495 2607 ⁸
508 2582 602 2646 Labie,
613 2582 709 2649 inquit,
722 2581 870 2637 sacerdotis
882 2581 1040 2634 custodiunt
1050 2581 1194 2635 scientiam
1206 2586 1234 2635 et
1250 2581 1340 2650 legem
1358 2583 1501 2652 requirunt
1512 2598 1542 2636 es

313 2696 360 2733 ore
372 2681 439 2748 eius,
452 2680 516 2748 quia
534 2680 645 2748 angelus
670 2680 779 2734 Domini
792 2681 961 2733 exercituum
979 2683 1053 2744 est,
1074 2679 1212 2733 Cherubin
1230 2686 1366 2751 praecepto
1384 2682 1436 2737 Dei
1448 2681 1542 2735 ilerad

312 2779 476 2847 paradysum
494 2778 650 2832 intercludit
670 2779 870 2847 presumptori,
882 2782 910 2831 et
926 2777 1054 2830 sacerdos
1072 2777 1161 2846 3101110
1178 2778 1344 2846 paenitentiae
1362 2779 1451 2848 aperit
1467 2794 1540 2847 spem

207 2934 211 2941 ,
312 2877 398 2931 venire
407 2877 637 2946 peccatori.Uude
650 2876 722 2930 idem
731 2876 836 2945 gladius
847 2876 946 2929 dicitur
958 2875 1098 2929 versatilis.
1111 2876 1228 2929 Hortum
1241 2877 1403 2931 deliciarum
1421 2877 1540 2931 divinam
1554 2876 1579 2926 u

54 3746 59 3754 ¹
104 3758 267 3826 *supmliu

144 4251 157 4280 ⁸
170 4269 223 4304 cor.

116 4316 248 4370 dolorem.

103 4544 117 4575 *
130 4547 158 4598 iu
172 4563 257 4614 rnarp.

150 4613 213 4665 add.

311 2976 427 3030 dicimus
438 2975 551 3030 cultum.
569 2975 621 3029 Pro
634 2975 753 3044 peccatis
765 2976 845 3044 igitur
862 2975 918 3028 suis
931 2975 1028 3028 beatus
1039 2975 1165 3028 Clemens
1178 2975 1281 3042 populo
1292 2975 1431 3043 jejunium
1450 2976 1540 3030 indicit

310 3075 421 3128 dicens:
440 3077 511 3141 Quia
519 3077 694 3141 dilectissimi,
714 3077 842 3128 1011111110
861 3091 894 3127 es
911 3076 1067 3141 ipuorantia
1085 3091 1146 3127 aero
1158 3077 1290 3142 peccastis
1306 3076 1364 3129 Deo
1377 3078 1539 3143 capitatione,

310 3176 440 3227 locutione
451 3176 534 3226 amul
545 3181 568 3226 et
577 3181 647 3240 actu,
664 3174 793 3226 hodierno
805 3175 848 3226 die
859 3174 937 3226 sernel
946 3180 969 3226 et
980 3174 1068 3226 sobrie
1083 3174 1140 3226 cibo
1158 3175 1293 3240 indulpete
1299 3192 1311 3239 ,·
1322 3179 1495 3245 crastinoque
1505 3179 1539 3233 ad

309 3289 358 3325 uos
369 3274 453 3325 redite
468 3274 597 3324 armandi
608 3273 712 3325 Christi
723 3274 828 3336 uirtute,
841 3279 869 3324 ut
878 3273 1033 3339 sicporiter
1044 3272 1272 3339 amphitheatrum
1285 3274 1425 3341 adeuntes
1436 3293 1538 3345 serpen·

309 3373 377 3424 tium
381 3378 469 3437 pestes
475 3373 505 3423 iu
514 3373 620 3423 nomine
628 3373 737 3424 virtutis
748 3371 852 3424 Christi
859 3372 1029 3438 expellantur
1038 3387 1135 3424 omnes.
1145 3369 1193 3423 His
1203 3370 1304 3424 auditis
1313 3373 1409 3440 populi
1419 3374 1537 3430 latmia
1551 3368 1575 3419 ³⁰

309 3468 421 3522 dimissa
430 3469 562 3522 concione
579 3474 703 3522 sanctum
716 3469 874 3537 pontificem
889 3468 1022 3537 usquead
1040 3468 1190 3537 hospitium
1208 3474 1272 3523 sunt
1290 3474 1538 3543 praesentiusque

309 3566 496 3634 unusquisque
507 3566 587 3620 rediit
599 3569 628 3620 iu
640 3584 696 3631 sua,
709 3568 801 3622 iuturo
815 3567 858 3620 die
878 3583 956 3620 suam
968 3566 1159 3620 liberationem
1173 3567 1265 3622 visuri.
1278 3568 1445 3625 Cubiculum
1455 3573 1537 3640 ponti·

308 3663 366 3717 ficis
378 3663 409 3716 fit
420 3663 572 3717 oratorium
584 3684 590 3718 :
601 3681 704 3733 araque
720 3666 836 3734 tropheo
854 3669 955 3719 sanctu
973 3664 1060 3718 crucis
1077 3665 1105 3718 in
1123 3666 1221 3719 eodem
1241 3675 1420 3723 consecratur
1434 3687 1537 3725 conces·

308 3759 385 3813 sione
396 3759 520 3828 hospitis.
532 3760 607 3814 Sicut
618 3762 691 3815 enim
704 3766 798 3814 sancto
811 3763 825 3792 ’
834 3760 930 3814 Daniel
938 3761 1047 3814 Areuna
1057 3761 1189 3815 lehuseus
1198 3764 1340 3831 quondam
1351 3765 1378 3819 in
1387 3783 1439 3821 sua
1450 3768 1536 3822 locum

308 3874 372 3911 area
383 3858 536 3912 aedificandi
548 3860 679 3928 templum
693 3861 810 3914 Domino
823 3859 976 3914 voluntarie
993 3860 1380 3926 1000000110101011111011000
1392 3865 1440 3921 illa
1456 3868 1536 3920 Suna·
1549 3859 1573 3911 31

307 3957 382 4010 mitis
393 3962 550 4011 reverenter
566 3959 719 4012 necessaria
734 3959 880 4027 prebebat,
890 3958 965 4012 itaet
977 3959 1058 4013 beato
1070 3958 1204 4013 Clementi
1214 3977 1282 4014 suns
1294 3961 1406 4032 hospes,
1418 3965 1536 4020 conside·

308 4060 367 4108 rata
383 4055 443 4122 eius
453 4055 600 4109 sobrietate
612 4073 730 4122 morum,
748 4057 883 4110 concessit
899 4057 1047 4111 liberaliter
1063 4056 1185 4111 stabilire
1200 4061 1353 4114 oratorium
1371 4062 1445 4118 infra
1461 4079 1533 4118 suam

307 4154 428 4207 domum.

347 4251 468 4307 XIIII.
494 4250 618 4306 Crastino
630 4250 687 4303 sole
700 4251 781 4304 rebus
794 4251 914 4305 colorem
926 4253 940 4280 ⁹
953 4251 1091 4313 reddente,
1102 4250 1154 4304 suh
1169 4251 1229 4319 ipsa
1239 4254 1420 4321 proruptiaue
1428 4255 1534 4311 diluculi

306 4350 405 4403 adsunt
416 4349 490 4402 eires
503 4346 594 4400 devoti
607 4362 655 4413 pro
674 4345 779 4398 iuribus
797 4344 972 4399 sacerdotalis
992 4344 1103 4413 hospitii
1125 4351 1300 4412 reposcentes
1311 4350 1457 4416 promissa
1467 4350 1571 4405 donati

305 4447 371 4516 spei.
383 4447 484 4500 Beatus
497 4446 576 4514 1311111
586 4445 711 4498 Clemens
723 4460 785 4497 cum
799 4444 855 4497 suis
867 4447 973 4496 tantum
983 4442 1072 4508 sociis,
1082 4443 1218 4497 celebrato
1231 4450 1332 4499 nostrie
1342 4449 1535 4519 redemptionis

306 4546 443 4613 mysteria,
455 4561 484 4598 se
497 4560 615 4611 suosque
626 4543 800 4611 premunivit
809 4558 923 4596 munere
932 4542 946 4573 ‘¹
956 4541 1049 4595 (1111110
1061 4545 1223 4610 0103100010
1235 4543 1388 4612 hospitium
1401 4548 1534 4603 frontibus

305 4643 510 4712 0131111011010
523 4641 698 4712 imprimebat
709 4641 865 4706 astantium,
881 4656 998 4695 mouens
1009 4645 1040 4694 ut
1052 4640 1193 4695 credentes
1205 4641 1234 4695 in
1250 4642 1392 4700 Christum
1404 4647 1534 4716 serpenti·
