3270 5400
186 348 259 422 486
523 365 649 418 cirin.
675 364 778 416 conn.
803 363 1080 421 moronensem.

187 556 341 612 dilectionis
352 571 464 610 manere
473 556 554 609 debet
563 555 657 618 virtus,
665 558 769 622 quanto
778 553 865 622 magis
874 552 902 607 iu
911 553 975 622 ipsis
984 554 1144 623 angelorum
1155 555 1319 625 civiumque
1327 573 1420 626 snper.

188 672 286 711 uorum
298 655 437 724 spiritibus
448 654 565 723 amplior
581 658 609 707 et
621 652 826 707 desiderabilior
837 657 879 706 est
895 652 994 706 caritas
1011 658 1039 707 et
1050 653 1170 717 dilectio,
1185 655 1234 723 qui
1252 654 1314 724 ipso
1326 656 1419 712 uerita·

187 755 222 810 tis
230 755 312 824 capiti
320 753 399 823 quasi
408 754 533 807 membra
542 753 609 807 uuiti
619 757 683 806 sunt
691 752 859 815 familiarius,
865 752 899 805 de
908 768 963 820 quo
973 752 1127 820 apostolus:
1136 755 1148 778 ⁸
1156 753 1231 806 Deus
1240 755 1344 808 caritas
1353 759 1420 822 est..

187 853 243 908 llos
254 869 318 924 ergo
330 853 377 922 qui
389 858 417 907 et
426 853 509 920 hujus
520 853 646 906 membra
657 851 752 919 capitis
770 851 909 904 ethorum
921 850 1086 919 quaudoque
1104 855 1132 905 et
1143 851 1220 905 cives
1231 853 1420 909 desideramus

188 952 282 1016 videri,
300 952 417 1005 scientes
439 951 511 1004 hanc
529 966 588 1003 esse
611 949 752 1003 caritatem
775 965 835 1018 quae
856 948 1041 1017 proximorum
1064 953 1194 1017 operatur
1219 951 1372 1007 utilitatem
1394 959 1448 1013 ete

188 1052 309 1106 maxime
321 1055 351 1104 ut
367 1050 471 1103 donum
480 1049 570 1116 operis
581 1047 742 1102 fiducialiter
753 1063 845 1102 coram
855 1047 913 1100 Deo
925 1046 1044 1114 primum
1058 1053 1217 1117 expectaret
1238 1051 1347 1113 salutis,
1362 1051 1421 1105 leci·

188 1165 251 1204 mus
262 1156 325 1202 cum
337 1149 462 1218 proximo
474 1152 569 1201 nostro
582 1147 721 1200 communi
734 1146 854 1200 Gerardo
865 1145 971 1199 Amulii
983 1145 1038 1199 lilio
1052 1146 1125 1216 quod
1137 1146 1198 1215 ipsa
1209 1149 1314 1202 caritas
1326 1155 1421 1204 monet

189 1253 216 1303 et
226 1248 335 1302 dilectio
347 1248 484 1315 conjuncti
496 1248 555 1312 ejus
567 1246 690 1315 precibus
701 1249 728 1299 et
740 1245 822 1299 vincti
841 1244 992 1298 dilectionis
1010 1245 1136 1309 nexibus,
1144 1252 1311 1301 sanctorum
1323 1255 1421 1317 marty·

186 1352 249 1404 rum
263 1349 391 1418 reliquias
402 1352 432 1401 ut
443 1365 460 1401 a
472 1348 552 1401 nobis
563 1347 698 1415 acciperet
708 1346 898 1416 adquievimus
909 1351 937 1400 et
948 1363 998 1416 pro
1012 1351 1075 1400 voto
1087 1347 1230 1416 petitionis
1245 1350 1421 1418 prreclosissi·

189 1463 265 1502 mum
283 1448 417 1501 talentum
436 1446 601 1500 contulimus
620 1445 756 1514 ponderis,
776 1462 874 1514 corpus
896 1445 998 1499 scilicet
1019 1445 1114 1499 domni
1137 1451 1165 1499 et
1186 1447 1246 1500 Deo
1271 1449 1421 1518 digniffiimi
1438 1455 1462 1504 tt

189 1546 338 1616 presbyteri
348 1545 432 1599 Mauri
442 1549 469 1599 et
482 1546 616 1611 martyris,
624 1544 672 1613 qui
683 1547 813 1612 regnante
828 1543 989 1612 impiissimo
1009 1544 1117 1598 Nerone
1134 1545 1275 1600 bonorum
1299 1549 1421 1603 omnium

189 1646 362 1712 persecutore
370 1642 406 1694 ab
418 1641 483 1710 ipsis
494 1641 624 1709 apostolis
636 1640 749 1694 veniens
760 1639 888 1702 eruditus,
895 1639 1072 1693 Remensium
1082 1639 1184 1694 finibus
1195 1642 1264 1696 fidei
1275 1649 1304 1697 et
1311 1645 1421 1711 justitiae

189 1740 312 1795 invectus
332 1745 374 1794 esl
393 1740 481 1794 cultor
498 1738 720 1803 studiosissimus,
744 1739 836 1807 ibique
858 1739 910 1793 sub
936 1738 1087 1807 Lampadio
1108 1740 1242 1807 praeside,
1265 1741 1422 1798 firmissima

190 1839 297 1895 noviter
305 1839 425 1894 lundata
434 1839 555 1893 ecclesia
562 1838 699 1901 columna,
707 1839 777 1892 sicut
785 1839 845 1906 eius
856 1837 971 1906 pleniter
981 1838 1192 1905 referuntgesta,
1199 1855 1227 1893 xr
1237 1840 1292 1893 kal.
1302 1841 1422 1910 Septem·

190 1939 246 1994 bris
257 1939 420 1994 sententiam
429 1937 536 2005 excepit
547 1937 734 1991 decollationis
742 1943 770 1991 et
781 1941 858 1990 tanto
870 1938 896 1991 id
908 1937 1036 1991 libentius
1047 1937 1106 1990 lieri
1119 1938 1305 2004 decrevimus,
1318 1947 1419 2010 quanto
1435 1946 1459 1996 tt

190 2037 285 2092 domni
295 2037 474 2091 antecessoris
491 2036 575 2091 vestri
593 2041 620 2090 et
636 2040 736 2089 sancta
749 2036 888 2090 memoria
905 2035 955 2088 viri
967 2036 1081 2090 nimiam
1098 2052 1163 2105 erga
1174 2037 1341 2104 hujusmodi
1368 2056 1421 2094 rem

191 2135 318 2190 norimus
329 2151 390 2189 esse
402 2134 621 2189 benevolentiam
634 2139 662 2188 et
673 2151 706 2188 eo
719 2133 835 2203 amplius
847 2151 901 2202 quo
913 2133 970 2203 ipse
987 2134 1064 2188 locus
1076 2135 1104 2189 in
1120 2151 1177 2203 quo
1190 2137 1316 2205 praedicti
1330 2138 1421 2192 talenti

191 2234 387 2289 conterendum
400 2234 565 2303 esl‘poudus
583 2233 610 2287 in
627 2233 739 2286 nomine
755 2233 820 2286 lesu
840 2233 941 2286 Christi
957 2238 985 2287 et
1002 2232 1116 2286 consilio
1135 2237 1324 2290 antecessoris
1346 2239 1422 2290 vestri

190 2331 303 2387 struitur
319 2336 346 2385 et
363 2332 453 2385 adhuc
466 2332 521 2385 [leo
534 2332 654 2384 donante
664 2329 814 2398 augebitur,
824 2332 894 2384 sicut
911 2330 996 2384 oculis
1008 2329 1059 2399 ipsi
1071 2332 1333 2400 comprobavimus.
1347 2333 1419 2388 Nunc

190 2436 282 2486 autem
294 2431 359 2500 quia
369 2430 484 2484 feliciter
495 2430 614 2484 victurus
625 2430 698 2483 viam
707 2432 748 2482 est
756 2429 890 2482 universa
903 2431 991 2482 carnis
1000 2430 1144 2498 ingressus,
1154 2431 1191 2483 ad
1200 2447 1252 2484 vos
1264 2447 1350 2501 quem
1367 2434 1421 2486 vioe
1436 2442 1461 2494 to

190 2529 275 2598 ipsius
292 2529 444 2598 benignitas
456 2528 505 2582 Dei
516 2534 653 2598 pastorem
671 2528 746 2582 dedit
757 2528 949 2591 convertimur,
959 2531 989 2581 ut
1006 2531 1097 2581 vestro
1115 2529 1231 2583 consilio
1245 2535 1274 2584 et
1285 2531 1423 2599 adjutorio

189 2627 341 2683 honorifice
351 2628 380 2682 in
392 2632 482 2682 restro
491 2626 654 2695 suscipiatur
665 2627 816 2695 episcopio;
829 2627 957 2696 quatinus
974 2627 1051 2692 J'uxta
1059 2627 1172 2681 beatum
1190 2627 1357 2698 Gregorium
1381 2630 1423 2700 qui

191 2744 242 2782 nos
259 2727 413 2796 diligentius
431 2733 526 2782 rnonet
544 2730 574 2780 ut
596 2726 640 2779 bic
656 2729 786 2795 patronos
806 2725 889 2780 modo
902 2741 1056 2794 quaeramus
1073 2729 1184 2780 sanctos
1201 2733 1342 2797 martyres
1359 2746 1423 2799 quos

192 2826 344 2880 babeamus
355 2826 521 2890 defensores,
533 2829 563 2879 ut
572 2841 621 2893 pro
634 2825 681 2878 tali
690 2825 822 2879 beneficio
835 2828 862 2878 et
870 2825 944 2879 hunc
953 2826 1025 2894 apud
1033 2825 1136 2891 justum
1146 2826 1268 2892 judicem
1280 2833 1422 2897 patronum

191 2924 317 2978 habeatis
328 2930 356 2979 et
368 2926 549 2979 defensorem.
561 2924 687 2977 Ceterum
698 2928 729 2977 ut
740 2924 779 2977 rei
791 2923 919 2993 quicquid
932 2923 1067 2991 reliquum
1081 2928 1122 2977 est
1138 2925 1230 2979 verius
1245 2928 1420 2996 cognoscatis,
1434 2934 1460 2983 u

191 3037 227 3075 ne
236 3023 314 3076 sedes
325 3023 486 3093 episcopalis
498 3022 650 3092 patrocinio
663 3021 731 3076 tanti
743 3022 918 3076 frustraretur
926 3023 1041 3090 patroni,
1059 3027 1140 3091 capul
1156 3025 1282 3092 praedicti
1299 3026 1420 3095 martyris

192 3123 266 3190 quod
282 3124 352 3190 apud
365 3140 415 3177 nos
427 3123 454 3177 in
472 3124 592 3177 eburnea
604 3123 683 3175 theca
702 3121 790 3174 iuerat
806 3122 977 3175 reconditum
998 3121 1078 3175 nobis
1097 3138 1285 3189 reservamus,
1303 3142 1353 3194 pro
1370 3141 1419 3194 quo

193 3220 267 3274 aliud
279 3237 374 3275 eorum
383 3222 429 3291 qui
439 3239 501 3276 cum
511 3237 544 3276 eo
557 3221 628 3290 passi
636 3225 702 3275 sunt
713 3219 791 3274 vobis
805 3220 915 3273 mittere
927 3220 1039 3290 dignum
1051 3220 1190 3286 duximus,
1204 3240 1271 3277 curn
1290 3242 1341 3294 pro
1353 3225 1419 3280 fideli

192 3322 299 3373 terrena
308 3320 543 3375 administratione
555 3320 690 3373 honorem
703 3323 729 3372 et
741 3319 855 3387 gloriam
867 3323 895 3371 et
906 3317 1161 3374 immarcescibilem
1181 3323 1269 3377 totius
1283 3324 1419 3379 beatitudi-

192 3414 234 3470 nis
246 3417 405 3485 possideatis
417 3417 545 3486 palmam.
558 3417 600 3471 0b
613 3416 667 3469 hoc
678 3431 742 3484 ergo
755 3431 844 3484 opera
857 3415 974 3485 pretium
990 3417 1126 3481 duximus,
1138 3418 1194 3472 boc
1205 3426 1333 3476 nostrum
1347 3422 1416 3475 vobis
1430 3423 1455 3475 u

192 3513 318 3570 intimare
327 3516 475 3586 negotium,
484 3521 515 3571 ut
526 3515 611 3570 divini
623 3530 761 3569 memores
774 3514 900 3582 praecepti
913 3515 1006 3584 petitio
1019 3517 1105 3570 nostri
1118 3518 1249 3572 ellectum
1260 3521 1350 3588 capiat
1360 3518 1419 3574 voti.

194 3613 295 3668 valete.

242 3973 423 4061 ccxxii
442 3977 564 4063 Godsx
581 3975 685 4087 apud
702 3977 749 4063 D.
770 3976 973 4090 Phillipps
991 3978 1174 4087 signatus
1192 3995 1236 4066 ιι0
1253 3981 1371 4072 4638.

227 4219 280 4273 Iste
289 4221 375 4274 codex
387 4221 545 4289 paginarum
557 4223 614 4286 aul,
626 4224 722 4277 lormae
734 4223 848 4277 minoris
857 4223 962 4290 (οω,ᾔῦ
970 4229 994 4277 Χ
1005 4224 1097 4289 0,176),
1110 4227 1220 4277 constat
1232 4226 1318 4280 variis
1330 4232 1418 4281 tracta·

195 4318 267 4372 tibus
277 4320 369 4373 seculo
387 4320 448 4374 Xlll
460 4326 487 4374 et
499 4322 591 4375 seculo
603 4321 663 4375 XIV
676 4322 825 4391 descriptis,
840 4323 936 4389 etjam
954 4322 1059 4391 pridem
1072 4322 1101 4377 iu
1117 4340 1204 4378 uuum
1218 4327 1418 4396 compaginatis.

196 4415 285 4470 Linea
296 4419 427 4486 graphide
438 4419 526 4473 ducta
538 4424 595 4474 tum
608 4421 695 4489 plena
707 4426 778 4484 sunt,
787 4425 846 4474 tum
860 4421 887 4475 in
900 4421 969 4475 duas
981 4422 1122 4475 columnas
1132 4422 1235 4477 divisae.
1245 4425 1330 4480 Tituli
1342 4424 1419 4479 rubri·

195 4513 247 4565 cati
260 4519 331 4579 sunt,
342 4514 462 4585 itemque
473 4517 570 4571 litteroe
582 4519 708 4587 majores,
720 4536 782 4588 quae
793 4519 943 4573 identidem
952 4535 1032 4589 parce
1048 4525 1187 4574 exornate
1199 4539 1233 4576 su
1242 4528 1322 4577 nt·
1338 4524 1417 4591 Pagi

195 4610 253 4664 brec
271 4612 371 4681 scripta
381 4620 460 4668 sunt:
476 4615 556 4670 Liber
567 4619 647 4673 beatu
663 4620 760 4674 Moris
776 4621 892 4686 virginis
903 4621 935 4673 de
953 4621 1026 4673 Atria
1043 4622 1074 4673 in
1091 4623 1187 4688 putria
1206 4629 1231 4675 ct
1248 4624 1349 4678 dmiccc*
1359 4625 1418 4678 Leo·

196 4710 290 4764 diensi.
