3270 5400
187 347 280 398 eren.
297 344 378 396 aua.
398 346 571 398 sumunt.
590 369 637 379 —
655 347 804 400 aarum.
821 348 869 399 un
886 348 967 400 con.
981 349 1015 400 n.
1028 349 1144 402 emen.
1159 348 1235 402 uses.
1262 330 1331 404 501
1362 350 1365 356 ·

103 540 180 606 does,
197 540 264 606 qaia
275 538 388 592 Domini
399 538 487 590 nostri
502 537 569 589 Jesn
584 535 688 588 C'lrristi
698 537 825 589 nrtutem
842 538 872 589 in
883 538 1012 591 draconis
1023 539 1205 593 eliminatione
1222 541 1336 608 uidistis,

104 638 217 705 ilianum
229 644 275 703 est,
292 645 322 689 ut
340 637 436 690 amodo
456 652 550 688 uerum
567 637 721 703 agnoscatis
741 636 994 703 Deum,aetetusque
1011 639 1145 690 maulam
1165 641 1271 692 erroris
1283 655 1337 707 per

104 736 233 803 baptismi
242 743 442 789 sacramentum
451 735 598 802 deponatis.
606 735 690 788 Nemo
702 737 773 787 enim
784 736 841 788 nisi
849 743 963 788 renatus
973 737 1081 790 Christo
1090 738 1142 789 erit
1150 738 1336 792 asmeiundus.

103 835 259 903 Eupropter
280 836 356 886 unda
372 835 499 900 festinate
518 835 634 898 renasci,
652 850 710 901 quaa
727 835 801 887 unda
821 836 986 888 inuocatione
1006 836 1059 888 Dei
1074 838 1250 902 sanctificata,
1266 839 1337 892 velut

70 938 86 986 t
103 941 191 987 mater
203 935 375 1001 alia,pueras
386 934 501 1001 suscipit
517 934 734 998 sanctificandos,
746 940 770 985 et
788 935 877 985 reddit
894 935 1074 998 sanctificatos
1091 935 1191 1002 absque
1207 938 1265 988 ullu
1281 952 1336 990 cor·

102 1035 238 1101 ruptiotte,
249 1035 320 1087 sieut
334 1033 461 1086 Christus
478 1040 619 1100 conceptus
633 1033 666 1084 de
684 1034 788 1098 uirgine
801 1040 882 1085 natus
900 1041 937 1085 est
956 1035 1014 1086 siue
1033 1035 1129 1086 rumis
1148 1035 1261 1087 lusione.
1279 1036 1337 1090 Hoc

104 1145 181 1196 aqua
192 1130 326 1196 siquidm
338 1131 494 1182 elementum
511 1131 599 1194 mapis
610 1130 706 1182 ceteris
717 1135 756 1181 est
773 1135 866 1195 aptum
884 1130 921 1181 ad
932 1131 1076 1196 sepultura
1086 1146 1118 1182 ac
1129 1133 1337 1185 resurrectionis

103 1228 242 1281 dominica
252 1229 485 1295 aoufipurandum,
498 1230 526 1280 iu
539 1228 639 1294 quibus
649 1235 900 1281 renouaturnostra
911 1231 1049 1296 eonnptio
1061 1236 1173 1282 natura.
1188 1229 1338 1295 Tinguitur

103 1328 200 1379 annm
211 1333 305 1379 nostra
317 1334 420 1379 nmura
437 1333 461 1379 et
472 1328 666 1394 quodammodo
678 1327 807 1393 sepelitur·
818 1328 849 1378 in
860 1327 985 1380 elemento
997 1342 1081 1394 aqua,
1093 1335 1115 1380 ct
1132 1330 1221 1396 eulpris
1232 1335 1338 1382 nature

55 1427 85 1479 tt
103 1426 233 1479 domans
245 1428 365 1492 resurgit
371 1427 448 1492 tilius
457 1427 563 1492 salutis,
575 1428 717 1492 retinente
725 1428 753 1478 iu
767 1442 796 1478 eo
803 1428 896 1492 pratia
905 1427 1020 1480 deitatis.
1029 1426 1233 1496 Subsequentes
1245 1428 1337 1496 itaque

103 1523 199 1592 populi
223 1524 390 1593 respondent
408 1524 546 1593 pontifici:
568 1525 711 1578 Rationale
729 1528 798 1578 satis
813 1527 927 1590 videtur,
942 1533 973 1578 ut
993 1527 1062 1578 sicud
1079 1544 1170 1579 veram
1191 1544 1247 1580 esse
1262 1536 1339 1581 tuam

104 1624 192 1690 nanis
203 1623 354 1676 dodmnam
371 1624 557 1691 comprobasti,
570 1625 609 1676 sic
620 1631 644 1676 et
657 1631 749 1675 tronto
761 1625 906 1689 quomodo
918 1625 948 1675 in
965 1625 1087 1689 effectum
1104 1625 1263 1692 respondeat
1281 1625 1337 1678 tibi.

106 1723 162 1789 Ape
172 1714 235 1785 jam
248 1724 390 1775 renuenda
401 1724 501 1788 doctor,
519 1730 541 1775 et
559 1738 608 1775 nos
619 1723 780 1788 ipnorantia
796 1729 876 1789 atque
893 1723 974 1775 idolis
996 1723 1148 1776 subtractos
1162 1725 1220 1776 or'oo
1237 1731 1261 1777 et
1277 1741 1339 1778 uero

104 1822 218 1872 restitue
230 1821 286 1872 Dea
294 1827 430 1887 purgatas
442 1821 600 1887 baptismate
612 1838 698 1873 sacro.
712 1819 812 1873 Indixit
825 1819 917 1887 itaque
929 1819 1025 1873 beatus
1038 1820 1165 1874 Clemens
1177 1821 1339 1889 sollempnia

57 1922 90 1970 re
108 1917 161 1972 illis
171 1917 275 1986 jejunia
293 1924 321 1971 et
332 1918 377 1972 die
395 1922 497 1972 statuta
509 1935 565 1972 non
577 1919 720 1972 minimam
738 1917 942 1972 multitudinem
961 1919 1103 1989 utriusque
1115 1936 1197 1974 sexus
1208 1924 1236 1973 et
1252 1920 1340 1974 etatis

104 2016 252 2085 baptizavit
262 2021 345 2084 atque
355 2016 390 2070 ab
404 2017 541 2071 idolorum
552 2018 657 2070 cultura
671 2017 803 2084 expiavit.

144 2114 220 2170 XX.
244 2114 394 2170 Audientes
414 2118 506 2166 autern
531 2112 628 2181 reliqui
641 2114 688 2181 qui
709 2112 879 2179 aegrotabant
897 2112 989 2166 iniecti
1009 2113 1165 2182 serpentino
1180 2114 1254 2179 flatu,
1274 2130 1339 2169 nam

105 2228 168 2266 cum
180 2216 320 2282 serpentes
332 2210 453 2280 predicti
462 2226 522 2264 sese
532 2210 566 2264 de
578 2209 689 2264 latebris
696 2210 840 2263 efferentes
854 2209 919 2263 solis
928 2210 1019 2264 calore
1031 2211 1238 2275 delectarentur,
1247 2213 1340 2264 austro

105 2310 188 2363 flante
201 2310 368 2365 inferebatur
380 2308 465 2362 nimia
475 2308 537 2361 urbi
546 2307 657 2361 miseria
669 2311 695 2361 et
707 2307 872 2361 ineuitabilis
885 2308 1023 2375 corruptio
1036 2307 1114 2373 aeris,
1125 2313 1152 2361 et
1163 2308 1201 2362 sic
1213 2309 1341 2377 serpebat

55 2411 87 2461 to
104 2408 134 2462 in
146 2409 277 2462 cordibus
288 2408 434 2461 hominum
448 2406 539 2460 valida
550 2407 641 2476 pestis,
654 2406 805 2470 audientes,
820 2406 940 2473 inquam.
952 2411 1114 2474 egrotantes
1127 2407 1229 2460 iactum
1242 2423 1341 2475 praesu·

105 2505 148 2572 lis,
157 2506 182 2560 ei
191 2522 240 2575 per
251 2506 433 2559 internuntios
443 2521 538 2573 preces
550 2505 709 2559 obtulerunt
718 2504 894 2558 obsecrantes
905 2508 936 2559 ut
948 2509 975 2556 et
987 2506 1029 2559 sui
1040 2505 1223 2559 misereretur.
1236 2504 1340 2560 Glorio-

105 2619 152 2657 sus
171 2603 263 2672 itaque
272 2603 394 2672 pontifex
404 2602 531 2676 Clemens
543 2618 606 2655 suos
616 2602 826 2664 comministros,
836 2607 946 2655 sanctos
958 2602 1084 2656 videlicet
1102 2602 1243 2657 Caelestem
1257 2607 1340 2671 atque

105 2701 223 2755 Felicem
236 2702 388 2755 accersiens
401 2701 518 2769 injunxit
530 2701 569 2754 eis
582 2700 690 2754 dicens:
703 2703 742 2754 Ite
754 2702 922 2754 dilectissimi
931 2702 1044 2768 fratres,
1060 2704 1152 2756 domos
1171 2704 1341 2755 urbanorum

105 2802 225 2867 circuite,
234 2809 258 2855 et
269 2803 415 2855 anundum
427 2802 539 2853 Domini
554 2802 848 2867 praeceptum'infirmos
868 2802 980 2866 visitate,
997 2804 1130 2854 orationis
1141 2810 1233 2857 cestra
1243 2817 1341 2855 manus
1445 2846 1448 2852 .

56 2902 89 2952 tt
106 2900 164 2953 ullis
183 2901 332 2967 imponite,·
348 2906 376 2951 ut
399 2901 507 2952 Christo
527 2901 638 2952 credaut
657 2916 688 2950 ac
706 2900 869 2967 baptismum
888 2901 1040 2967 suscipiant
1060 2907 1214 2954 amnroneta
1234 2900 1342 2967 Oportet

107 2999 178 3051 enim
191 3016 208 3050 a
217 2999 333 3051 Domino
343 2998 412 3050 Jesu
426 2999 534 3050 Christo
544 2999 664 3063 potentia
673 2997 775 3050 diaboli
782 2998 902 3063 suebactu,
912 2999 970 3064 ejus
978 3000 1042 3065 rapi
1050 3016 1123 3065 oasa,
1135 3007 1159 3051 et
1169 3001 1282 3052 caladia
1288 3015 1342 3066 per

105 3099 185 3163 {idem
197 3098 286 3164 ipsius
299 3098 439 3149 restituere
448 3098 575 3163 dampna.
588 3094 742 3149 Beatissimi
753 3112 817 3164 ergo
828 3095 948 3149 Caelestis
957 3101 1040 3164 atque
1051 3096 1127 3149 Felix
1134 3097 1210 3164 jussa
1220 3095 1341 3165 magistri

106 3194 296 3264 adimplentes,
307 3194 422 3263 gemina
432 3195 507 3247 velut
516 3193 603 3257 oliva,
616 3209 700 3262 opera
709 3194 901 3248 misericordiae
910 3211 992 3263 super
1004 3195 1173 3248 infirmantes
1185 3211 1233 3263 per
1244 3196 1341 3249 urbem

107 3293 280 3357 exercebant,
293 3292 408 3345 verbum
418 3292 618 3360 praedicationis
628 3291 860 3346 disseminabant:
874 3297 900 3347 et
913 3309 1013 3347 sonum
1026 3293 1233 3347 ammonitionis
1245 3309 1342 3362 seque·

57 3399 89 3452 30
107 3391 189 3445 batur
199 3394 291 3444 motus
303 3391 527 3459 conpunctionis;
540 3396 647 3444 motum
660 3391 869 3458 conpunctionis
881 3391 1101 3459 subsequebatur
1112 3392 1342 3459 gratiarumactio

107 3490 143 3544 de
149 3488 245 3543 salutis
256 3489 410 3553 collatione,
419 3493 447 3543 et
455 3489 492 3542 ita
502 3488 718 3557 prorumpebant
727 3505 824 3542 omnes
832 3489 859 3541 in
866 3488 976 3542 laudern
986 3489 1034 3543 Dei
1042 3489 1174 3543 dicentes:
1181 3491 1342 3543 Benedictus

107 3588 191 3652 Dens,
199 3588 338 3654 gloriarm
350 3589 379 3640 in
390 3590 507 3641 aduentu
518 3589 633 3640 istorum
643 3588 680 3639 ad
691 3603 740 3639 nos
749 3595 904 3639 sanctorum
912 3604 1034 3639 sumum.

148 3693 242 3749 m.
264 3693 308 3747 Sic
330 3693 413 3761 igitur
435 3691 562 3745 tielensis
582 3691 699 3760 populus
728 3691 864 3744 modestia
887 3691 999 3761 insignis
1022 3693 1145 3761 presulis
1168 3698 1340 3769 provocatus,

107 3791 304 3860 benignitatem
317 3789 344 3842 in
355 3805 388 3842 eo
398 3789 446 3842 Dei
456 3788 646 3841 venerabatur.
658 3786 700 3840 Ad
711 3787 877 3841 audiendum
890 3788 904 3819 *
915 3788 963 3841 Dei
976 3791 1091 3843 verbum
1101 3789 1211 3843 cottidie
1223 3790 1341 3844 contiue-

56 3898 89 3949 at
106 3892 164 3955 bat,
172 3889 364 3958 baptismoque
374 3885 548 3954 sepuriiicari
557 3887 725 3954 peroptabat.
738 3885 827 3938 Tanta
836 3886 909 3939 enirn
918 3888 1065 3941 multitudo
1073 3889 1201 3956 frequens
1211 3890 1244 3941 ad
1253 3888 1341 3943 sancti

107 3988 260 4058 hospitium
270 3985 419 4041 Clementis
431 3984 578 4038 accedebat
590 4000 646 4037 non
658 3985 747 4038 solum
758 4000 791 4038 ex
802 3985 871 4038 urbe
883 3985 930 4038 sed
943 3986 1013 4040 etde
1025 3987 1221 4041 suburbiorum
1232 3987 1341 4054 vicinio,

107 4093 140 4142 nt
147 4104 182 4142 ex
193 4086 331 4155 frequenti
340 4100 453 4138 accesm
464 4084 592 4150 adjacens
603 4082 693 4151 platea
706 4082 847 4137 nominata
859 4085 894 4138 sit
911 4084 983 4138 Stat
991 4086 999 4139 i
1007 4103 1023 4139 o
1031 4086 1138 4151 naria,
1159 4087 1215 4140 ubi
1232 4103 1342 4157 usque

107 4187 141 4242 in
169 4185 436 4255 presentiarum
462 4183 596 4235 Sancta
623 4182 748 4235 Crucis
776 4183 932 4237 ecclesia
958 4185 1002 4239 ab
1036 4185 1112 4254 ipso
1141 4186 1242 4241 beato
1271 4187 1343 4242 Cle·

107 4289 228 4347 mente,
246 4288 282 4337 ut
299 4284 423 4346 fertur,
441 4285 648 4335 consecrata
664 4287 877 4350 perseverat.
895 4283 1103 4339 suscitabantur
1114 4285 1159 4339 bic
1171 4302 1219 4355 per
1230 4286 1341 4341 beatum

55 4391 89 4445 to
107 4384 279 4440 Clementem
302 4398 336 4435 ex
355 4381 527 4450 lapideorum
548 4378 699 4433 cultoribus
721 4379 835 4433 deorum
856 4382 983 4436 concives
1006 4384 1175 4451 angelorum,
1198 4390 1225 4439 et
1244 4384 1343 4439 sterilis

108 4499 195 4553 usque
212 4487 279 4536 tunc
290 4479 418 4534 blatensis
427 4480 545 4532 oleaster
554 4478 723 4532 inserebatur
732 4479 811 4531 oliuae
821 4481 938 4534 naturali
950 4484 1122 4551 pergratiam
1136 4483 1244 4537 Domini
1257 4484 1344 4538 nostri

108 4583 173 4638 iesu
186 4579 351 4645 Christiani
369 4595 466 4632 ornnes
475 4577 627 4632 reseramus
636 4577 737 4644 gratias
748 4582 774 4630 et
787 4577 821 4631 de
834 4579 978 4635 vocatione
989 4598 1021 4635 ac
1034 4583 1223 4651 redemptione
1233 4588 1327 4639 nostm
1333 4602 1343 4651 ;

108 4682 247 4753 qniacum
266 4681 342 4750 digni
355 4695 478 4733 essemus
495 4677 543 4742 ira,
552 4677 680 4730 misertus
698 4681 740 4731 est
751 4677 838 4732 nostri
850 4695 900 4732 sua
919 4681 1024 4748 gratier
1037 4685 1064 4736 et
1081 4698 1115 4737 ne
1136 4683 1295 4738 deficiamus
1315 4684 1344 4738 in
