3338 5394
323 311 370 384 68
659 333 785 387 aaran.
811 332 915 385 cono.
941 332 1217 400 arcicanarmc.

321 522 370 575 sed
379 537 427 589 per
436 520 558 590 singulos
568 521 625 575 dies
635 520 769 585 veniebat,
779 526 806 574 et
815 537 896 590 super
904 521 1059 590 sepulcrum
1069 522 1127 574 nati
1136 520 1178 574 sui
1189 519 1297 574 emissis
1306 520 1335 575 in
1344 519 1431 574 altum
1442 518 1558 572 vocibus

321 619 449 689 ejulabat
463 621 512 674 Cui
530 625 637 674 tantum
659 636 792 689 apparens
803 637 851 689 per
863 619 952 674 visum
965 625 1046 673 nocte
1066 617 1164 673 bea'tus
1183 619 1335 679 Mauritius,
1353 619 1411 672 ait:
1431 620 1505 685 Quid
1518 625 1557 683 ta,

320 721 452 783 canullan,
465 722 631 773 incessanter
643 720 741 773 obitam
751 720 806 785 fita
817 722 859 772 tui
866 721 1000 787 plan-geas
1010 736 1157 786 »tamqnam
1167 720 1304 772 desistite
1317 719 1390 771 tactu
1402 720 1417 769 1
1429 716 1479 769 Cui
1493 715 1555 768 illa:

321 819 397 884 Dice,
409 817 505 886 inquit,
523 822 581 871 cita
598 835 658 871 area
674 819 746 871 latine
757 820 896 885 ploratum
915 835 969 871 non·
986 819 1147 885 capiebam,-
1163 819 1291 881 sed,dum
1301 818 1554 883 ndut'cero,sempcr

321 919 433 984 defleam
446 920 557 971 roricum
568 935 663 971 morri.
676 918 730 971 Nec
741 935 862 985 utiquam
878 918 1023 984 mitigabor
1040 934 1057 969 a
1074 918 1206 981 lacrimis,
1223 918 1305 969 donec
1321 917 1413 969 oculos
1428 916 1554 981 corporis
1571 924 1588 972 5

320 1018 405 1082 letojus
425 1019 457 1070 de
476 1020 531 1070 otto
551 1034 625 1070 mora
644 1019 791 1070 corictudat.
810 1015 859 1069 Cui
877 1015 922 1070 ille
934 1035 941 1069 ι
955 1017 1019 1069 Noli
1035 1019 1082 1077 ito,
1094 1016 1141 1078 ait,
1153 1018 1235 1084 quast
1253 1024 1390 1068 mor-taum
1408 1016 1492 1081 stem
1508 1014 1556 1065 sed

319 1118 507 1183 agitanlmtter
518 1133 567 1183 age
578 1123 602 1168 et
613 1118 685 1169 scias
695 1133 755 1168 ciria
767 1116 904 1177 nobiscum
916 1117 1040 1168 habitare
1057 1123 1081 1168 ct
1098 1118 1156 1168 cita
1167 1117 1299 1183 perennis
1316 1116 1451 1168 correortio
1466 1113 1555 1166 nobis·

319 1232 381 1269 curn
395 1217 516 1282 perfrui.
533 1216 571 1267 Et
587 1222 617 1267 at
636 1216 765 1269 ueraciter·
781 1217 877 1269 credas
888 1232 951 1268 cera
963 1232 1018 1268 ease
1030 1231 1088 1283 qna
1104 1216 1208 1282 loquor,
1221 1231 1302 1280 turpe
1319 1215 1442 1267 crastina
1454 1214 1500 1266 die
1517 1214 1556 1265 ad

319 1317 484 1367 matutinam
502 1322 525 1367 et
542 1316 638 1367 audies
655 1331 740 1367 rocem
758 1316 817 1380 ejas
838 1317 909 1367 inter
925 1315 1021 1367 choros
1033 1315 1210 1381 psallentiam
1227 1314 1427 1366 nronachornm.
1445 1313 1482 1365 Et
1500 1329 1552 1366 uon

319 1415 404 1466 solum
418 1414 461 1466 die
473 1415 604 1477 crastina,
615 1415 662 1466 sed
673 1415 796 1467 omnibus
807 1414 900 1467 <liebus
912 1416 970 1467 cita
980 1421 1039 1479 tna,
1050 1430 1109 1466 cum
1127 1391 1239 1476 ceneris,
1256 1413 1353 1465 cerdice
1369 1414 1441 1464 inter
1457 1412 1554 1465 choros
1573 1414 1604 1464 lt

317 1512 492 1577 psallentium
505 1528 589 1563 rocem
603 1512 669 1576 ejus
681 1511 796 1577 Ideoque
808 1528 840 1562 ae
850 1512 975 1576 steterim·
991 1512 1056 1578 qnia
1073 1511 1192 1576 gaudere
1205 1517 1229 1561 tc
1247 1515 1349 1575 oportet
1364 1510 1458 1576 potius
1471 1525 1554 1576 greum

318 1607 417 1672 lugere.
429 1606 519 1674 Surgit
530 1606 629 1660 mulier
645 1607 780 1675 longaque
792 1607 867 1660 ducit
884 1607 1008 1676 suspiria,
1027 1623 1076 1659 nec
1094 1607 1233 1660 obdormit
1250 1605 1277 1660 in
1290 1611 1378 1659 stratu
1396 1622 1447 1659 suo
1466 1605 1553 1659 donec

318 1704 425 1772 signum
437 1706 618 1774 consurgendi
628 1705 656 1759 in
666 1709 814 1759 nocturnas
824 1705 919 1758 laudes
928 1710 1160 1758 commoveatura
1171 1706 1324 1759 monachis.
1332 1704 1393 1772 Quo
1402 1710 1553 1765 commoto,

318 1801 424 1856 accedit
438 1803 473 1856 ad
491 1803 643 1868 ecclesiam,
655 1802 747 1871 aliqua
758 1804 792 1856 dc
804 1803 909 1857 visione
921 1820 1005 1872 quam
1023 1803 1129 1856 viderat
1140 1803 1298 1871 probatura.
1310 1803 1384 1857 Nihil
1399 1803 1474 1856 enim
1487 1818 1553 1871 pne·

320 1900 435 1955 teriitde
445 1901 641 1970 pollicitatione
654 1902 737 1964 lacta;
749 1903 797 1955 sed
807 1919 868 1970 qua
878 1901 987 1955 luerunt
996 1901 1126 1955 divinitus
1136 1903 1339 1966 nuntiata,m0x
1349 1907 1553 1970 cognoscuntur
1572 1907 1602 1955 lb

319 1999 440 2069 impleta.
450 2000 551 2054 Verum
569 2001 616 2053 ubi
635 2019 651 2054 a
668 2006 780 2055 cantore
792 2001 973 2069 antiphonam
989 2001 1135 2055 inchoante
1148 2005 1258 2054 caterva
1270 2002 1391 2071 suscepit
1401 2003 1554 2056 monacho·

319 2114 389 2161 rum,
401 2099 478 2152 audit
486 2098 602 2167 genitrix
615 2100 719 2168 parvuli
733 2116 845 2153 vocem:
859 2099 1006 2167 cognoscit,
1016 2100 1116 2168 gratias
1129 2099 1184 2167 agit
1196 2100 1262 2153 Deo.
1275 2100 1343 2153 Illud
1356 2117 1468 2169 quoque
1478 2100 1553 2169 quod

318 2196 446 2264 martyris
458 2212 505 2249 ore
518 2197 684 2265 promissum
696 2197 851 2250 habebatur
862 2213 974 2265 prorsus
987 2197 1129 2266 impletum
1142 2201 1192 2256 est.
1202 2201 1232 2251 ut
1241 2198 1370 2251 omnibus
1379 2198 1477 2251 diebus
1489 2198 1553 2252 vitre

317 2309 374 2347 suae
382 2295 541 2347 accessisset
551 2294 649 2348 mulier
658 2296 691 2348 ad
700 2295 876 2364 psallentium
886 2295 1127 2359 chorum,audiret
1136 2295 1220 2363 hujus
1230 2296 1357 2349 infantuli
1367 2295 1439 2349 inter
1447 2296 1553 2364 reliqua

316 2393 506 2447 modulamina
519 2410 624 2447 vocem.
1568 2397 1599 2447 tt

350 2493 419 2546 Cum
432 2499 524 2546 auteur
538 2493 714 2547 Guntrannus
727 2492 763 2559 (l)
811 2492 946 2546 trutinari.
962 2494 1026 2546 Hac
1039 2497 1146 2548 tantum
1159 2493 1292 2547 miracula
1307 2493 1432 2547 Passioni
1444 2499 1551 2547 sancto·

317 2606 379 2644 rum
392 2591 537 2645 inserenda
549 2591 661 2645 credidi.
992 2664 994 2668 y

350 2690 477 2744 Ceterum
496 2693 533 2757 tl)
587 2692 644 2744 Deo
662 2696 821 2760 protegente
839 2696 1026 2745 conservatur.
1044 2691 1193 2761 Propterea
1210 2691 1329 2759 deniquo
1348 2691 1402 2744 illic
1421 2692 1551 2760 degentes

316 2794 409 2843 niente
418 2795 446 2843 et
454 2805 501 2843 ore
514 2789 683 2844 incessanter
691 2790 799 2844 debitas
808 2790 866 2844 Deo
875 2790 971 2843 laudes
981 2790 1104 2854 reboant,
1114 2806 1233 2858 quorum
1243 2789 1380 2857 suffragiis
1388 2795 1549 2844 sanctorum

316 2888 440 2942 exultant
450 2888 610 2956 gaudenter,
620 2893 648 2941 et
657 2905 713 2942 non
723 2889 812 2943 solum
824 2888 886 2951 illic,
895 2889 944 2942 sed
953 2888 1120 2958 ubicumque
1131 2889 1173 2942 vel
1187 2889 1214 2943 ln
1227 2889 1332 2943 honore
1345 2889 1468 2957 ipsorum
1479 2904 1549 2941 mar·
1565 2889 1598 2939 2³

314 2990 403 3055 tyrum
414 2987 536 3041 ecclesiae
548 2987 717 3041 fabricantur
727 2989 770 3042 rel
782 3005 878 3041 eorum
896 2988 1037 3041 veneratio
1050 2988 1131 3057 digne
1146 2988 1294 3056 percolitur·
1305 3004 1354 3041 seu
1370 3004 1548 3056 quocumque

313 3086 437 3140 locorum
451 3102 547 3140 eorum
558 3086 735 3155 reliquiarum
749 3088 915 3142 memoratio
928 3087 1090 3150 celebratur,
1100 3103 1156 3141 non
1168 3087 1258 3140 solum
1271 3103 1417 3155 corporum
1431 3087 1479 3140 scd
1491 3086 1548 3140 ani-

313 3201 421 3238 marum
439 3185 563 3253 pleniter,
581 3190 739 3239 sanctorum
758 3186 871 3250 meritis,
888 3185 993 3239 morbis
1017 3186 1187 3243 subvenitur.
1208 3185 1357 3239 auxiliante
1379 3186 1499 3239 Domino
1520 3191 1548 3239 et

312 3281 454 3335 Salvatore
467 3288 561 3335 nostro
573 3282 638 3335 lesu
656 3282 774 3346 Christo,
792 3284 838 3351 qui
857 3284 884 3337 in
897 3282 1066 3351 plenitudine
1082 3283 1235 3337 divinitatis
1248 3300 1310 3337 curn
1321 3283 1401 3337 Patre
1414 3289 1441 3337 ct
1460 3283 1547 3337 visili-

313 3381 400 3433 cantis
423 3380 524 3433 virtute
547 3379 634 3433 sancti
647 3380 764 3448 Spiritus
776 3382 844 3435 sirit
859 3387 886 3435 et
904 3387 999 3450 regnat
1012 3382 1084 3435 Deus
1096 3398 1144 3451 per
1157 3382 1320 3436 intinitatem
1334 3382 1458 3436 omnium
1470 3398 1545 3436 secu·
1564 3380 1597 3431 30

312 3478 412 3533 lorum.
428 3478 526 3533 Amen.

455 3762 493 3806 os
515 3762 558 3806 ss,
582 3762 685 3807 rstica
708 3762 745 3805 ar
766 3763 917 3845 insuere.
942 3744 1020 3826 (Cir.
1042 3763 1153 3826 supra,
1175 3763 1249 3826 pag.
1270 3745 1320 3821 (50,
1342 3744 1401 3827 9⁰.)

548 3947 677 4007 Passio
698 3949 905 4007 sanctorum
927 3950 1056 4010 Felicis
1077 3952 1114 4010 et
1134 3950 1301 4010 Adauctt.

355 4137 386 4193 1.
410 4137 595 4205 Temporibus
607 4138 769 4193 Diocletiani
782 4143 809 4192 et
820 4138 986 4204 Maximiani,
999 4141 1194 4196 sceleratorum
1208 4140 1368 4210 principum,
1380 4138 1543 4209 grai'issima

308 4235 507 4304 persecutionis
524 4235 686 4289 imminebat
698 4236 854 4291 christianis
867 4238 1008 4292 insecutio.
1024 4237 1266 4308 Compellebanlur
1277 4238 1352 4292 enim
1362 4237 1396 4291 ad
1410 4235 1544 4290 idolatriae
1560 4234 1594 4287 311

308 4334 412 4387 cultum
423 4332 482 4387 :cui
495 4334 701 4402 promptissima
713 4336 820 4389 ratione
829 4336 1001 4401 resistebant,
1009 4337 1127 4392 scientes
1138 4337 1269 4405 scriptum
1281 4356 1287 4390 ι
1297 4339 1444 4391 Dominam
1453 4337 1543 4389 Deum

308 4442 385 4487 tuum
397 4432 527 4485 adorabis
542 4440 565 4486 et
578 4436 622 4486 tut
631 4436 683 4487 noll
694 4438 800 4488 cerates.
818 4435 857 4487 Ea
868 4441 1031 4505 tempestate
1044 4437 1185 4506 presbyter
1198 4436 1318 4505 quidam,
1327 4434 1440 4489 nomine
1456 4433 1542 4497 Felix,

341 4608 378 4674 (Ι)
391 4608 466 4745 lffilnil,
478 4616 637 4681 excerptum
652 4613 775 4681 Gregorii
786 4613 964 4668 Turonensis.
973 4641 1005 4654 -
1017 4615 1055 4682 (ἢ)
1068 4617 1135 4670 Acta
1153 4616 1210 4681 SS,
1226 4620 1292 4668 torn.
1304 4614 1340 4668 Vl
1351 4614 1434 4683 Sept,
1445 4630 1472 4683 p.
1483 4613 1541 4675 311,

306 4704 382 4744 nura.
444 4732 451 4745 .
