3270 5400
390 343 482 393 aran.
502 341 583 393 nro.
601 301 771 392 0000000.
790 363 836 372 -
855 342 1000 393 urrann.
1018 344 1064 393 an
1082 344 1160 394 con.
1178 336 1216 394 a⁰
1234 342 1309 397 rior.
1412 326 1459 399 09

243 534 334 602 gratiae
348 550 409 602 quae
426 538 469 585 est
479 532 555 596 fidae,
566 531 802 586 immortalitatem
814 535 842 583 et
860 531 942 584 vitam
960 536 1142 586 aelernam:el
1159 532 1212 586 hoo
1229 534 1312 587 etiam
1330 537 1460 602 quodam·

242 632 325 686 ruodo
338 637 410 684 esset
421 631 554 693 debitum,
565 647 621 684 non
630 631 695 699 quia
704 631 789 683 homo
800 629 962 693 meruitsed
972 630 1036 698 quia
1048 631 1120 684 Deus
1134 632 1227 685 voluit.
1239 634 1371 689 lneffabili
1381 636 1461 704 igitur

241 731 414 801 providentia
427 731 558 784 bonitatis
569 731 619 784 Dei
631 731 758 784 collatum
772 735 813 783 est
822 729 914 783 electis
922 730 987 797 ejus.
996 735 1027 783 ut
1039 736 1065 783 et
1077 732 1194 800 copiosis
1202 733 1294 801 gratiae
1302 736 1460 790 muneribus

241 831 323 898 gratis
336 830 464 895 ditentur,
474 837 501 884 et
512 832 565 885 hoc
578 832 666 901 ipsum
675 847 730 900 quo
742 836 921 884 munerantur
932 831 1136 897 quodammodo
1148 848 1196 899 per
1205 833 1318 900 gratiam
1336 850 1460 888 merean-

209 931 224 980 0
240 933 291 991 tur,
312 932 323 954 ⁸
342 929 412 982 alius
429 929 476 992 sic,
488 929 559 983 alius
576 946 641 983 vero
658 930 704 991 sio,
717 929 903 997 unusquisque
920 928 1068 981 secundum
1082 931 1155 996 quod
1168 930 1195 982 iu
1207 947 1239 983 eo
1252 937 1379 999 operatur
1389 949 1461 986 unus

240 1032 323 1097 atque
335 1028 407 1081 idem
419 1028 543 1097 Spiritus,
553 1029 677 1082 dividens
689 1028 800 1097 singulis
817 1032 898 1096 prout
909 1027 997 1091 vult,
1012 1027 1067 1080 Soli
1079 1027 1222 1095 Unigenito
1240 1046 1296 1082 non
1307 1031 1342 1083 ad
1353 1047 1460 1085 mensu-

240 1142 299 1179 ram
310 1127 355 1179 dat
365 1127 503 1195 Spiritum.
514 1129 547 1179 In
557 1131 616 1194 lpao
626 1143 753 1194 namque,
761 1126 799 1178 ait
808 1124 1063 1193 apostolus,lrol›itot
1071 1129 1158 1178 omnis
1164 1129 1301 1192 plenitudo
1310 1129 1461 1182 divinitatio

240 1228 425 1293 corporaliter.
437 1224 566 1278 Membris
579 1225 637 1291 ejus
649 1240 698 1292 pro
710 1241 760 1277 sua
773 1223 873 1291 cuique
885 1223 1025 1275 voluntate
1036 1223 1158 1291 partitur,
1170 1241 1225 1277 non
1237 1225 1330 1278 omnia
1341 1227 1460 1295 singulis.

239 1325 288 1378 sed
308 1325 403 1377 eadem
426 1324 504 1377 utilia
525 1324 661 1381 omnibus.
681 1323 802 1376 maxima
824 1321 1015 1390 grandioribus
1036 1326 1064 1374 et
1086 1321 1189 1375 leviora
1211 1323 1279 1376 dans
1301 1324 1460 1390 minoribus,

195 1424 223 1474 10
241 1428 273 1476 ut
290 1425 327 1477 sit
346 1423 419 1476 Deus
439 1423 531 1476 omnia
549 1423 577 1476 in
596 1422 731 1475 omnibus.
750 1421 828 1475 Unde
844 1425 932 1473 mater
950 1424 1042 1473 nostra
1062 1421 1180 1474 Ecclesia
1197 1423 1330 1490 quosdam
1348 1425 1458 1491 quidem
1480 1416 1485 1424 ’

240 1522 324 1575 habet
336 1524 491 1591 prophetas,
501 1522 635 1589 quosdam
648 1520 795 1589 apostolos,
807 1520 940 1586 quosdam
951 1520 1137 1588 evangelistas,
1149 1520 1217 1573 alios
1229 1538 1293 1575 vero
1302 1527 1423 1590 pastores
1432 1528 1459 1576 et

240 1622 374 1675 doctores.
387 1622 461 1674 Inter
470 1637 539 1690 quos
548 1621 658 1689 quidam
670 1621 752 1681 tuere,
765 1619 812 1687 qui
824 1619 936 1672 exordia
944 1635 1001 1671 suae
1019 1619 1153 1672 nascentis
1165 1619 1294 1686 infantiae,
1305 1626 1336 1674 ul
1351 1639 1459 1691 compe-

241 1721 315 1773 lebat
333 1720 495 1773 rudimentis
507 1718 622 1772 novellae
633 1718 704 1779 fidei,
717 1717 856 1771 miraculis
873 1716 1082 1779 oblectarentur,
1093 1734 1210 1785 quorum
1227 1723 1290 1771 tunc
1307 1721 1385 1787 copia
1402 1725 1460 1774 erat

241 1817 451 1887 pernecessaria,
463 1816 589 1870 videlicet
601 1821 632 1869 ut
642 1816 836 1869 miraculorum
849 1815 980 1868 exhibitio
993 1816 1188 1883 promissorum
1202 1821 1274 1870 esset
1285 1818 1424 1884 certitudo,
1433 1825 1461 1873 et

194 1916 224 1964 ⁴5
241 1933 313 1971 nora
324 1917 445 1969 lacerent
455 1918 502 1985 qui
515 1933 587 1970 nora
599 1915 783 1983 praedicarent.
792 1914 956 1967 Laudabiles
964 1930 1074 1983 prorsus
1086 1914 1132 1983 qui
1144 1931 1204 1967 eam
1219 1915 1273 1968 tide
1285 1921 1311 1968 et
1323 1917 1461 1971 miraculis

241 2015 442 2083 plantaverunt,
466 2031 515 2067 nec
535 2014 624 2067 minus
641 2013 688 2081 qui
710 2012 841 2072 moribus,
864 2012 996 2079 exemplis
1016 2018 1044 2065 et
1062 2013 1253 2079 predicatione
1276 2014 1460 2069 excoluerunt.

241 2112 296 2166 llec
306 2119 401 2166 nostra
419 2112 553 2180 culpanda
573 2118 637 2165 sunt
655 2117 785 2180 tempora,
798 2111 875 2179 quasi
889 2127 944 2163 non
956 2110 1013 2163 Deo
1026 2110 1133 2179 placita,
1150 2129 1183 2165 eo
1195 2113 1268 2179 quod
1280 2113 1334 2165 sint
1345 2114 1461 2168 miracu-

242 2210 329 2264 lorum
343 2212 493 2279 inexperta,
504 2228 565 2264 oum
578 2228 634 2264 non
645 2227 678 2263 ea
689 2226 739 2278 pro
751 2227 850 2278 magno
868 2209 954 2263 sancti
965 2210 1101 2267 affectent.
1111 2211 1197 2278 magis
1209 2212 1236 2264 in
1247 2212 1301 2265 hoc
1312 2212 1461 2280 gloriantur

243 2311 315 2378 quod
332 2310 388 2363 sint
405 2310 505 2378 quibus
517 2327 565 2378 per
575 2326 605 2362 se
616 2309 684 2362 fides
702 2309 730 2361 in
741 2309 829 2361 Deum
842 2308 901 2362 sola
911 2308 1036 2371 sufficiat,
1048 2325 1109 2377 spes
1121 2310 1278 2363 meritorum
1297 2312 1340 2364 rel
1358 2312 1461 2366 animet

195 2407 226 2456 20
244 2409 286 2462 rel
297 2410 441 2471 deterreat
451 2409 570 2462 caritatis
580 2409 696 2461 dualitas
709 2407 860 2460 oblectetur
872 2411 899 2460 et
910 2412 1009 2474 pascat.
1022 2407 1075 2460 Neo
1088 2408 1244 2475 hujusmodi
1255 2410 1338 2477 signis
1349 2428 1460 2479 magno-

241 2524 304 2576 pere
312 2509 423 2561 studere
434 2525 529 2561 servos
546 2525 611 2562 suos
624 2509 758 2562 Dominus
769 2508 871 2571 roluit;
882 2509 968 2561 sedet
982 2508 1153 2577 quibusdam,
1163 2508 1241 2574 quasi
1252 2525 1307 2562 non
1325 2515 1396 2563 recte
1404 2510 1459 2577 plo-

242 2609 375 2662 riaatibus
387 2610 461 2676 quod
480 2608 616 2661 daemonia
632 2607 684 2660 illis
702 2609 729 2662 in
750 2607 861 2660 nomine
878 2608 938 2672 ejus
958 2608 1173 2672 subjicerentur:
1194 2609 1289 2669 Nolite,
1309 2607 1355 2663 ait
1372 2611 1402 2661 in
1413 2611 1460 2661 lior

240 2711 374 2774 porilem
384 2710 498 2773 paucae
507 2711 598 2774 polius
609 2709 680 2775 quod
691 2710 800 2760 aomina
813 2715 900 2760 vestro
916 2709 1019 2772 scripto
1031 2714 1094 2758 aunt
1106 2709 1135 2758 in
1152 2708 1232 2759 calta.
1250 2706 1313 2759 Hac
1325 2723 1374 2774 pro
1386 2724 1460 2761 com-

242 2802 339 2868 pendio
349 2802 421 2855 dicta
431 2801 493 2864 sint,
503 2805 533 2853 ut
544 2802 751 2854 ostenderemus
760 2801 862 2854 donum
875 2801 949 2868 quod
958 2801 1073 2869 quisque
1082 2800 1174 2861 habet,
1184 2817 1239 2854 non
1248 2819 1265 2853 a
1273 2819 1310 2864 se,
1319 2803 1367 2854 sed
1378 2803 1460 2855 aDeo

197 2899 226 2947 25
243 2915 308 2963 esse,
320 2917 371 2955 nec
383 2900 435 2953 sibi
448 2900 580 2957 debitum.
589 2900 636 2952 sed
649 2916 665 2952 a
677 2901 733 2952 Deo
743 2899 827 2967 gratis
839 2904 1034 2967 praerogatum:
1047 2915 1096 2951 nec
1109 2899 1195 2967 magis
1203 2901 1393 2967 approbandos
1401 2918 1461 2954 esse

242 2997 288 3064 qui
299 2996 433 3050 miracula
445 2997 556 3058 faciunt,
570 3013 653 3064 quam
666 2997 711 3064 qui
726 2996 871 3048 virtutibus
888 2995 1048 3048 enitescunt.
1060 2997 1183 3063 Denique
1195 2997 1301 3065 etmagi
1311 2997 1338 3050 in
1349 2997 1460 3067 egypto

242 3095 326 3149 multa
336 3095 442 3163 operati
454 3099 518 3148 sunt
529 3114 535 3157 ;
547 3095 644 3147 ludam
657 3111 766 3163 quoque
780 3111 842 3147 cum
855 3094 951 3147 ceteris
960 3095 1091 3162 apostolis
1102 3095 1179 3163 signa
1191 3095 1287 3148 secisse
1300 3097 1460 3150 invenimus.

242 3192 325 3247 Porro
338 3210 403 3247 vere
414 3193 547 3247 mirabilis
565 3194 637 3246 Deus
656 3197 748 3246 noster
765 3194 793 3245 in
811 3192 947 3254 omnibus,
959 3193 1005 3260 qui
1023 3192 1242 3246 distributionem
1260 3195 1406 3262 gratiarum
1423 3195 1461 3250 ita

242 3293 407 3358 moderatur,
419 3297 450 3345 ut
461 3309 511 3344 neo
523 3291 686 3344 mortalibus
697 3297 809 3360 captura
820 3291 946 3354 difficilis,
959 3308 1008 3344 nec
1021 3291 1133 3344 intentio
1145 3292 1340 3360 possidendum
1351 3294 1385 3346 sit
1396 3310 1461 3347 con·

196 3390 225 3443 30
241 3391 300 3444 lusa
308 3390 496 3453 divortiis,sed
506 3390 648 3443 diversitas
657 3389 886 3443 omnisdonorum
897 3390 930 3442 ad
941 3406 1026 3443 unum
1036 3390 1210 3443 beatitudinis
1219 3391 1313 3444 tendat
1319 3391 1346 3444 in
1354 3393 1460 3445 riarum

242 3490 418 3543 conclusione
429 3489 630 3557 compendium,
643 3489 677 3541 ad
690 3488 838 3541 videndum
852 3488 979 3542 videlicet
995 3490 1093 3556 ipsum,
1111 3490 1184 3556 quod
1203 3490 1296 3558 utique
1313 3490 1459 3543 electorum

243 3593 283 3642 est
294 3603 443 3641 summum.
456 3588 552 3656 Dispar
563 3588 622 3640 haec
633 3587 742 3640 claritas
759 3591 787 3640 ot
803 3588 910 3641 diret-sa
927 3587 1060 3640 donorum
1073 3587 1182 3654 largitas
1194 3604 1265 3640 auno
1283 3593 1324 3641 est
1335 3589 1460 3640 ammira·

241 3687 303 3740 bilis
332 3687 467 3755 quaestio;
494 3687 659 3754 quandoque
682 3687 734 3739 erit
756 3686 953 3739 ammirabilior
975 3685 1147 3753 pulchritudo
1179 3691 1206 3739 et
1232 3691 1343 3739 ornatus
1369 3686 1460 3755 templi

242 3785 359 3849 Domini,
378 3786 413 3838 dc
430 3802 485 3852 quo
503 3785 602 3838 dicitur
611 3785 668 3837 Deo
687 3804 694 3836 ι
712 3785 838 3839 Sanctum
856 3794 894 3839 eat
909 3787 1035 3852 templum
1052 3793 1136 3850 tuum,
1148 3787 1271 3838 mirabile
1287 3788 1317 3838 io
1333 3788 1461 3853 oeqititote.

193 4095 226 4146 aa
361 4100 400 4143 nr
422 4099 538 4144 seuero
559 4100 665 4143 raom
687 4098 852 4143 arosrono.
876 4078 952 4162 (Cir.
975 4098 1083 4159 supra,
1104 4098 1176 4160 pag.
1201 4078 1247 4156 18,
1268 4079 1346 4161 47⁰.)

242 4281 422 4340 Narratio
446 4279 564 4340 domni
590 4276 761 4352 odilonis,
788 4279 1027 4340 eluntaoensls
1056 4279 1213 4351 abbatis,
1240 4281 1285 4339 de
1311 4283 1463 4352 quodam

526 4379 701 4438 miraculo
721 4381 838 4438 sancti
858 4381 1001 4438 'rhomae
1023 4377 1188 4449 apostoli.
1417 4373 1421 4381 '

287 4585 321 4643 1.
345 4583 451 4638 Dilecto
464 4599 515 4636 suo
533 4581 617 4634 irater
634 4582 721 4647 Odilo,
734 4582 918 4637 Cluniacensis
929 4583 1022 4647 abbas,
1033 4582 1148 4636 salutem
1167 4583 1195 4635 in
1207 4583 1332 4636 Domino.
1344 4610 1375 4620 -
1387 4580 1464 4633 0010-
1494 4580 1498 4589 ’

205 4754 209 4761 ¹
241 4689 302 4738 aare
314 4688 357 4738 est
368 4681 497 4736 omnibus
508 4679 649 4734 christiani
666 4680 784 4733 nominis
801 4680 952 4733 cultoribus
963 4695 1071 4746 semper
1082 4694 1201 4747 quaerere
1213 4683 1240 4731 et
1257 4677 1351 4730 audire
1363 4676 1462 4745 aliquid
