3270 5400
342 363 432 416 arar..
450 363 532 415 aro.
551 363 724 415 namara.
743 386 789 394 -
808 363 956 415 urrann.
975 365 1021 415 in
1038 365 1119 416 con.
1137 356 1175 414 ΝΟ
1193 363 1317 418 raes-er.
1377 347 1440 418 iii

332 577 381 635 De
401 577 566 637 credone
587 578 637 636 ed
657 578 805 637 beatem
824 576 1008 647 virginem
1029 589 1138 647 quam
1158 578 1333 635 servavit.

259 766 319 822 10.
335 768 416 821 Porro
434 770 512 835 pater
531 767 647 819 devotus
665 769 729 818 ante
747 765 831 818 altare
849 764 966 833 Virginis
983 781 1072 828 orans,
1090 766 1268 833 deprehendit
1286 768 1397 820 tratrem
1415 785 1445 822 so

230 864 342 933 religiosa
359 862 517 917 curiositate
538 861 739 915 observantem.
760 861 848 928 Quem
871 877 935 914 mox
959 861 1020 929 pius
1040 861 1169 929 magister
1188 862 1222 914 de
1242 861 1325 915 modo
1348 863 1443 915 orandi

236 963 349 1025 instruxit,
359 961 566 1031 specialiterque
577 960 610 1014 de
622 960 702 1014 laude
715 960 831 1029 Virginis
842 959 942 1024 Matris,
954 960 1046 1013 dicens
1058 980 1064 1012 :
1078 962 1171 1014 Primo
1181 963 1311 1014 dicendus
1322 969 1360 1015 eat
1371 963 1444 1028 byrn-

217 1068 280 1114 truu
290 1063 302 1087 ¹⁸
313 1066 366 1128 dre,
378 1065 467 1115 moria
479 1063 564 1115 stelio.
577 1101 591 1127 „
603 1061 707 1114 Deinde
716 1063 834 1127 quinque
848 1062 949 1128 psalmi
956 1079 966 1112 :
976 1062 1095 1113 videlicet
1108 1058 1121 1084 ‘⁴
1132 1061 1296 1126 Maenificat,
1306 1100 1320 1127 „
1335 1060 1348 1085 ⁴‘
1357 1063 1402 1114 Ad
1412 1071 1444 1125 ie,

246 1160 339 1227 bomine,
354 1164 437 1214 lecoor'
456 1163 578 1213 animum
596 1177 717 1225 mecm„,
740 1159 925 1225 “Betr·ibue„,
948 1158 1219 1225 “Incorruertendo„,
1234 1157 1247 1183 ‘⁴
1262 1161 1302 1212 Aa
1318 1167 1343 1212 te
1360 1162 1445 1213 levavi

247 1268 389 1313 minamine.
403 1301 416 1326 ,‚
439 1262 487 1312 Aa
498 1261 620 1326 sinquloa
632 1260 755 1327 psalmos
772 1260 881 1312 dicotur
903 1257 1030 1311 “Gloria
1047 1259 1128 1311 Patri
1136 1299 1150 1324 „
1171 1266 1195 1311 et
1217 1258 1230 1282 ⁶
1248 1260 1303 1311 Ace
1324 1260 1417 1311 Morio
1428 1300 1441 1324 „

249 1375 290 1409 nin
302 1361 482 1426 pmuliexione.
496 1359 605 1411 Litterae
616 1361 687 1411 enim
699 1360 828 1425 capitales
843 1359 940 1410 luorum
960 1360 1080 1425 quinque
1092 1360 1263 1425 psalmorum
1280 1359 1443 1411 benedictum

250 1473 316 1510 nomo
326 1458 411 1512 lirum
422 1464 585 1524 componunt
601 1458 725 1524 Virpiuis
740 1458 884 1509 benedicta.
902 1456 980 1509 Hanc
999 1456 1151 1509 orationem
1168 1456 1254 1509 homo
1272 1455 1316 1508 ille
1333 1456 1442 1509 henedi-

218 1555 291 1604 ttctus
308 1554 334 1605 ad
354 1553 572 1607 benedicendum
601 1568 702 1605 nomen
725 1551 837 1621 Reginae
865 1551 925 1604 coeli
951 1551 1058 1613 docuit;
1084 1569 1100 1604 a
1126 1569 1181 1620 qua
1206 1557 1233 1604 et
1259 1552 1316 1619 ipse
1344 1553 1443 1605 meruit

251 1648 347 1704 benedici.

175 1930 179 1943 Ι
306 1856 348 1914 ne
365 1855 651 1916 revelationibus
671 1857 709 1914 et
732 1853 920 1912 devotione
941 1867 1015 1923 que
1035 1866 1059 1911 a
1079 1854 1191 1912 beate
1211 1852 1359 1925 Virgine

175 1996 178 2039 ι
709 1953 944 2012 visitabatur.

175 2056 185 2083 Ρ

175 2128 179 2169 ²
280 2142 319 2198 11.
333 2145 378 2212 Qui
396 2162 459 2199 cum
479 2146 599 2204 Parisius
619 2144 647 2197 in
668 2149 748 2197 nocte
767 2143 987 2198 circumcisionis
1007 2144 1156 2197 Dominicoe
1173 2145 1317 2198 lectionem
1339 2162 1440 2199 nonam

175 2200 180 2313 l
220 2241 362 2296 lieentum
381 2240 537 2296 festivitatis
563 2240 726 2308 exigentiam
747 2240 855 2305 tegeret,
875 2240 960 2293 astitit
982 2239 1008 2292 in
1029 2240 1133 2308 pulpito
1154 2241 1229 2309 virgo
1250 2242 1441 2309 pulcherrima,

175 2326 180 2433 ἰ
251 2336 401 2395 adieceris
419 2339 503 2408 pallio
527 2338 636 2402 amicta,
659 2338 813 2391 diademate
836 2354 919 2391 aureo
943 2342 1086 2401 coronata;
1104 2338 1146 2390 cui
1170 2339 1224 2391 duo
1244 2341 1331 2392 sancti
1349 2341 1440 2392 altrin-

175 2442 178 2455 '
251 2450 304 2490 unus
324 2440 487 2494 assistebant.
517 2438 584 2505 Quae
611 2437 774 2505 respiciebat
801 2437 981 2490 intentissime
1005 2436 1033 2489 in
1050 2436 1192 2504 legentem.
1209 2438 1339 2491 Lectione
1356 2439 1441 2504 finita,

251 2530 320 2590 librum
338 2540 368 2592 de
392 2555 478 2591 manu
503 2538 563 2604 ejus
589 2536 701 2589 domina
723 2535 868 2604 accipiens,
890 2536 971 2604 coepit
999 2536 1099 2588 sanclis
1127 2538 1192 2590 binc
1221 2537 1283 2590 inde
1310 2539 1441 2591 comitata

253 2638 325 2688 nature
344 2637 388 2705 per
409 2637 527 2705 gradum
556 2635 721 2688 descendere
749 2640 812 2688 ante
840 2633 939 2703 ipsum.
963 2635 1038 2687 Unus
1064 2640 1156 2688 autem
1174 2636 1359 2690 assistentium
1390 2639 1439 2691 vir-

222 2726 342 2802 tiotqu
357 2737 460 2805 dignior
490 2735 641 2798 videbatur,
661 2739 773 2802 portans
797 2734 933 2797 haculum,
962 2739 1102 2802 tamquam
1123 2733 1197 2787 viam
1225 2734 1336 2800 iaciens,
1354 2737 1440 2791 dorni·

253 2840 294 2882 liii
308 2836 472 2900 precedebat.
493 2835 588 2887 Frater
606 2833 654 2903 qui
675 2834 734 2887 hoec
760 2833 788 2886 in
809 2833 914 2885 visione
934 2837 1122 2900 conspexerat,
1141 2835 1207 2886 dum
1224 2852 1241 2887 a
1257 2840 1351 2889 sancto
1368 2853 1440 2905 quie-

252 2933 300 2981 uret
315 2934 369 3000 quid
389 2935 416 2988 in
444 2934 491 2986 illa
519 2933 637 2985 lectione
664 2932 756 3000 gratiae
782 2931 954 2999 percepisset,
979 2932 1101 2985 arridens
1126 2933 1240 2986 dulciter
1260 2934 1328 2988 nihil
1353 2935 1440 2988 voluit

251 3027 345 3085 eund.
364 3061 395 3072 -
418 3033 451 3085 in
476 3031 576 3085 eodem
603 3030 749 3084 Parisiensi
775 3034 920 3094 conventu,
948 3031 1014 3083 dum
1038 3031 1066 3083 in
1089 3031 1159 3084 festo
1181 3032 1381 3087 purificationis
1404 3035 1439 3087 ad

250 3117 357 3182 mutuas
366 3132 496 3200 magister
508 3146 571 3182 cum
585 3129 714 3182 iratribus
726 3128 906 3191 convenisset,
921 3129 1166 3204 invitatoriumque
1185 3129 1333 3199 inciperent
1347 3133 1361 3157 ‘¹
1373 3135 1440 3186 Ecce

217 3216 296 3276 beai
307 3231 336 3280 nd
351 3232 484 3297 templum,
497 3269 510 3293 „
532 3228 601 3281 vidit
619 3231 695 3296 pater
712 3232 823 3280 sanctus
840 3228 875 3280 ad
893 3228 978 3280 altare
997 3228 1135 3296 Virginem
1160 3228 1275 3282 lintrem
1297 3247 1358 3283 cum
1382 3231 1437 3284 silio

245 3325 409 3392 nutrientem,
417 3327 511 3396 ibique
521 3343 603 3395 super
614 3328 747 3380 thronum
759 3327 806 3395 qui
818 3332 928 3395 paratus
940 3328 1029 3379 tuerat
1041 3327 1213 3381 residentem.
1222 3328 1329 3381 Fratres
1338 3334 1438 3393 autern,

175 3480 177 3493 Ι
243 3419 345 3489 cujum
355 3443 460 3480 morem
472 3426 583 3479 stabant
595 3425 681 3478 versis
701 3425 822 3479 vultibus
839 3427 873 3478 ad
891 3426 985 3490 altare,
997 3425 1121 3493 propitiis
1134 3426 1227 3489 oculis,
1238 3427 1308 3480 facie
1325 3429 1438 3481 serenis·

239 3517 292 3573 sima
305 3523 448 3594 intuituque
466 3524 625 3578 dulcissimo
644 3524 799 3592 respiciens,
817 3525 984 3578 intendebat.
1000 3525 1123 3592 Cumque
1141 3526 1175 3578 ad
1195 3525 1208 3550 “
1223 3528 1320 3579 Gloria
1332 3528 1411 3579 Patri
1422 3569 1436 3594 „

235 3613 390 3675 inclinarent*
409 3624 517 3686 fratrea,
535 3621 616 3692 Virgo
635 3623 728 3685 Mater,
746 3622 918 3691 apprehensa
934 3623 992 3676 nati
1009 3639 1093 3676 manu
1109 3624 1228 3688 dextera,
1249 3624 1322 3692 ipsos
1340 3630 1437 3690 totum,
1486 3691 1490 3700 Ι
1520 3626 1599 3700 “cod

192 3717 218 3770 u
231 3718 411 3783 qne‘cborum
428 3721 643 3775 clementissime
652 3721 799 3774 benedixit.
811 3722 877 3774 Hire
889 3721 982 3775 omnin
1000 3727 1077 3789 pater
1087 3725 1301 3790 magnus,corde
1318 3724 1437 3787 humilis,
1485 3691 1633 3824 'nflciffit‘

225 3822 344 3872 secret-um
359 3837 440 3874 suum
458 3820 512 3874 sibi
531 3820 696 3883 custodiens,
708 3825 850 3888 tamquam
868 3821 902 3874 de
919 3820 980 3873 aliis
999 3822 1137 3875 recitabat.
1149 3823 1193 3875 Sic
1209 3823 1280 3876 solet
1291 3824 1437 3891 praesidens
1484 3796 1627 3897 totumque

222 3915 337 3969 omnibus
346 3917 498 3971 abstractos
515 3917 551 3971 ab
569 3917 697 3971 omnibus
715 3934 771 3971 suae
789 3917 940 3984 praesentiae
959 3919 1094 3972 consolari
1113 3919 1257 3973 dulcedine
1274 3937 1357 3989 seque
1369 3926 1437 3974 tam·
1462 3890 1622 4006 (Μὶὲξζῗὲῑᾳ

216 4030 293 4084 quarn
304 4014 340 4068 nil
351 4016 424 4070 aliud
436 4016 473 4070 sit
483 4016 656 4070 attendentes
667 4016 881 4070 misericorditer
892 4016 1000 4070 intueri.
1017 4017 1136 4072 Sedebat
1152 4019 1227 4071 solus
1244 4025 1336 4073 mente
1353 4037 1437 4088 seque
1602 3995 1608 4005 Ι

212 4113 346 4168 levaverat
355 4131 438 4184 super
448 4131 486 4168 se.
496 4115 575 4169 Unde
594 4115 686 4169 ridere
698 4115 787 4185 potuit
798 4116 872 4184 quod
891 4121 1023 4184 estsuper
1035 4105 1129 4170 omnia
1141 4123 1168 4170 et
1179 4134 1262 4185 super
1278 4135 1307 4171 se
1320 4139 1326 4171 :
1339 4120 1436 4173 Filium

175 4222 195 4271 5
209 4229 272 4268 cnm
281 4213 363 4267 llatre
372 4219 533 4268 manentem
542 4214 788 4282 semperinPatre.

261 4418 312 4476 De
333 4415 494 4487 quedam
515 4417 626 4477 nobili
647 4419 770 4490 puella
791 4432 900 4489 quam
920 4432 945 4476 a
966 4420 1217 4490 desperatione
1239 4422 1381 4492 eripuit.

247 4607 304 4665 12.
320 4607 427 4661 Nobilis
439 4609 566 4676 quaedam
580 4612 607 4662 et
619 4624 674 4662 non
684 4608 858 4661 mediocriter
867 4607 980 4676 pulchra
994 4610 1091 4676 puella,
1104 4627 1120 4662 a
1132 4615 1266 4678 patresuo
1279 4613 1379 4678 relicta,
1389 4617 1439 4668 snb

199 4704 330 4762 maenia
343 4701 435 4772 patrui
453 4701 496 4756 sui
509 4702 679 4756 serrabatur.
692 4701 744 4768 Qui
756 4703 872 4771 propriae
883 4703 978 4756 salutis
990 4704 1170 4772 fraternaeque
1182 4705 1319 4760 fidelitatis
1332 4712 1438 4775 postpo-
