3270 5400
372 324 465 376 sinn.
483 321 564 374 nnc.
583 321 755 373 anuxrnn.
775 342 822 352 -
840 321 989 372 lrrnnn.
1010 321 1056 372 nn
1074 321 1154 373 con.
1173 314 1210 371 n⁰
1228 319 1352 374 esra-rs.
1411 300 1480 373 tol

250 512 434 569 numerositas
444 513 596 571 interesset,
607 509 747 580 persoluta
756 509 881 564 festivius
895 510 1048 579 vigiliarum
1058 527 1158 565 sonora
1170 512 1275 579 synaxi,
1285 516 1368 580 atque
1376 511 1485 591 matuti-

250 630 350 668 norum
362 612 509 668 odoriferis
521 610 605 664 finitis
616 610 734 680 hymnis,
744 611 823 677 juxta
834 625 941 663 morem
953 610 1085 678 regularis
1096 610 1200 664 ordinis
1212 610 1338 678 cymbalo
1351 627 1368 663 a
1380 610 1485 663 decano

249 728 387 782 percusso,
405 710 510 765 lassis*
523 709 661 772 fratribus,
679 710 744 779 quia
761 708 865 777 aliquid
885 708 975 762 adhuc
988 709 1022 763 de
1034 715 1115 763 nocte
1126 709 1268 779 superfuit,
1288 710 1486 778 quiescendum

248 810 421 882 siqnifiwit,
432 810 563 878 quatinus
580 809 756 862 illucescente
767 808 811 861 die
824 808 909 862 saeris
920 807 1067 862 missarum
1079 808 1221 862 solemniis
1234 808 1380 862 validiores
1392 809 1485 863 redde·

209 924 228 973 s
250 916 352 966 rentur.
365 911 491 978 Cumque
503 926 533 962 se
545 909 644 962 fratres
656 907 684 960 in
693 907 879 974 pausatorium
892 907 1134 975 adquiescendum
1147 907 1343 961 recollacarent
1352 913 1378 962 et
1391 908 1487 977 vulgus

246 1009 305 1077 jam
325 1026 359 1063 ex
378 1013 438 1062 toto
459 1008 609 1062 effluxisset
626 1008 660 1061 de
681 1005 858 1060 monasterio.
877 1022 961 1059 senex
979 1006 1092 1074 quidam
1110 1007 1224 1059 nomine
1242 1005 1421 1069 Christianus,
1439 1007 1487 1074 qui

249 1107 373 1176 ejusdem
392 1106 447 1161 loci
465 1106 583 1160 aedituus
601 1111 668 1170 erat,
685 1105 761 1158 solus
778 1105 808 1157 in
825 1105 947 1158 oratorio
964 1104 1106 1158 remansit.

281 1205 495 1273 Quiescentibus
518 1210 611 1259 autern
639 1204 752 1263 cunctis,
776 1203 948 1258 Christianus
974 1220 1004 1256 se
1031 1204 1112 1257 beato
1138 1203 1214 1257 Patri
1235 1203 1384 1259 Benedicto
1410 1221 1488 1259 more

247 1304 374 1359 solitoad
383 1305 536 1358 orationem
551 1303 707 1373 prostravit„
721 1302 829 1356 Diutius
840 1319 904 1355 vero
914 1300 1031 1355 orationi
1044 1301 1207 1355 incumbens
1219 1302 1318 1366 subito,
1327 1303 1488 1357 lassitudine

194 1418 228 1468 ro
249 1408 373 1472 cogente,
386 1401 597 1456 obdormivit.0
615 1401 680 1455 felix
698 1401 851 1454 somnium!
870 1416 932 1453 cum
950 1416 1014 1453 ecce
1034 1400 1126 1453 subito
1147 1401 1189 1454 vir
1207 1402 1363 1455 veneranda
1381 1402 1489 1465 canitie,

249 1502 328 1557 vultu
340 1504 486 1557 decoratus
503 1502 635 1571 angelico,
647 1501 744 1554 habitu
756 1500 919 1554 monachico
940 1499 1089 1565 trabeatus,
1101 1505 1128 1553 et
1145 1517 1213 1569 puer
1229 1501 1310 1570 quasi
1327 1501 1489 1567 duodennis,

247 1602 387 1656 cambuta
407 1602 467 1668 ejus
489 1601 607 1668 bajulus,
627 1616 745 1668 sequens
763 1615 826 1652 eum
850 1599 924 1652 lento
945 1599 1014 1667 pede
1037 1599 1160 1662 accessit,
1179 1605 1207 1652 et
1227 1600 1405 1669 interrogarit
1424 1617 1488 1655 eum

248 1700 360 1755 dicens:
372 1702 486 1767 Quirite
502 1702 555 1765 iiic,
566 1702 658 1767 freter
671 1700 848 1752 Christiane?
870 1700 921 1752 Uti
932 1707 995 1751 snm
1012 1700 1116 1764 fratres
1134 1703 1245 1753 nostrii
1262 1698 1315 1766 Qui
1328 1699 1489 1768 respondit:

254 1800 322 1854 Vere
335 1803 364 1853 in
377 1801 546 1863 dormitorio,
560 1800 649 1864 Pater,
661 1806 818 1866 repererant,
830 1801 896 1865 qnia
909 1799 1128 1864 rroxionpissirno
1137 1806 1176 1851 est
1187 1807 1210 1851 et
1222 1802 1320 1852 lassati
1333 1801 1408 1853 auide
1417 1807 1489 1853 sunt.

196 1913 230 1961 ts
249 1899 292 1953 Ac
303 1898 404 1953 deiude
417 1918 423 1952 :
437 1899 614 1965 Gopncscisne
625 1915 673 1961 me,
685 1897 730 1960 ait,
741 1898 832 1962 scater
843 1899 905 1949 nri?
916 1897 953 1950 At
965 1895 1010 1949 ille
1023 1915 1029 1948 :
1042 1897 1164 1964 Minime,
1177 1897 1272 1965 inquit.
1290 1899 1349 1964 Epo
1361 1916 1430 1964 snm,
1442 1898 1489 1964 ait,

248 2001 342 2065 freter
358 1999 529 2062 Benedictus,
546 1999 629 2062 binus
646 1998 698 2050 toci
710 1998 839 2063 provisor
858 2003 882 2048 et
893 2004 990 2060 custos,
1002 2004 1025 2049 et
1035 2013 1106 2063 puer
1116 1999 1305 2065 pedissequus,
1317 2016 1395 2066 quern
1407 2001 1489 2065 eides,

248 2101 328 2166 fitius
344 2105 469 2151 mearent
481 2099 510 2150 in
531 2098 645 2162 Christo,
658 2097 788 2149 Placidus
796 2097 938 2163 peteretne.
952 2096 1038 2162 Smne
1056 2113 1119 2162 erpo
1132 2099 1260 2163 nicecius,
1273 2106 1296 2150 et
1309 2099 1353 2152 dic
1365 2101 1489 2153 omnibus

248 2199 391 2264 fratribus
402 2200 505 2252 icastris
513 2215 547 2250 ex
556 2214 614 2250 meo
622 2204 703 2264 porte
711 2199 825 2250 salutem
834 2204 857 2248 ct
869 2213 960 2249 rernm
971 2199 1120 2249 ceritatem.
1134 2199 1204 2250 Nam
1217 2199 1254 2250 nd
1263 2206 1411 2252 nocturnos
1423 2202 1486 2266 cipi·

250 2299 308 2352 iius
319 2298 370 2350 irae
382 2305 456 2351 nocte
472 2313 525 2349 eron
542 2296 622 2362 affui,
639 2299 705 2363 quin
718 2298 747 2347 in
759 2295 849 2348 otiis*
867 2302 1012 2362 occupatas
1029 2298 1113 2348 extiti.
1133 2298 1164 2349 Ut
1181 2305 1269 2349 aretem
1287 2313 1315 2350 se
1330 2300 1489 2364 ditipentius

195 2404 231 2455 20
251 2404 365 2451 coneum
383 2412 436 2462 pro
456 2403 527 2449 certo
539 2397 649 2448 scientes
666 2397 731 2463 prtia
747 2396 826 2447 hodie
843 2402 944 2462 oportet
963 2412 1004 2447 ma
1029 2397 1178 2448 scissarum
1198 2399 1336 2450 solemniis
1353 2400 1489 2453 interesse.

252 2495 346 2561 Quare
354 2502 444 2548 nutem
457 2497 559 2561 cipitiis
568 2497 710 2548 irrotntinis
719 2497 829 2547 neiriime
839 2497 1018 2560 interfuerim,
1030 2497 1083 2548 brec
1092 2513 1175 2548 causo
1184 2504 1229 2548 est.
1240 2497 1312 2549 lt'om
1322 2500 1428 2551 rroreris
1438 2499 1489 2551 icoc

252 2601 327 2648 noete
336 2595 456 2659 fratrem
467 2601 544 2646 tunm
556 2593 736 2659 Rapinnrimn
755 2595 784 2644 in
800 2593 951 2645 Britannia
966 2592 1073 2658 Oceani,
1086 2594 1132 2645 nbi
1148 2595 1300 2647 obedientie
1309 2597 1403 2661 pretio
1414 2602 1489 2649 tacito

250 2701 369 2760 tempore
378 2693 505 2755 substitit,
518 2709 551 2745 en
561 2694 613 2745 hoc
623 2694 679 2744 cito
691 2694 841 2758 reciprocam·
859 2699 999 2743 necantem
1016 2695 1167 2745 necessario
1177 2694 1275 2758 funeri
1286 2696 1491 2758 marciniacense·

252 2792 299 2845 iti·
314 2800 404 2846 nutem
421 2799 582 2857 remoratus,
594 2794 660 2858 qnia
672 2794 802 2859 antiquus
812 2793 920 2857 perieris
931 2792 1047 2843 linnenni
1059 2793 1187 2845 inimicus
1199 2795 1284 2846 mutto
1294 2795 1347 2847 sibi
1356 2795 1492 2860 objiciens,

203 2895 236 2946 25
254 2894 428 2957 inertumjus
435 2894 558 2944 onirnom
570 2893 629 2957 ejus
637 2892 791 2956 trnrrsserre
801 2893 875 2943 onrni
880 2892 1049 2956 niolipnitute
1058 2894 1167 2945 inolitus
1178 2900 1224 2945 est.
1234 2893 1270 2945 Et
1280 2896 1354 2961 qnia,
1367 2896 1491 2961 qnnrnois

257 2993 392 3057 mercena
403 2993 433 3043 in
445 2991 539 3043 multis
550 2993 687 3055 extitisset,
698 2997 788 3041 temen
800 2991 866 3056 quio
878 2990 1054 3041 obedientium
1070 2991 1123 3055 fine
1134 2997 1212 3043 tenus
1226 2992 1255 3044 in
1270 2995 1491 3059 peregrinatione

257 3093 469 3157 medicinatus
480 3109 541 3144 snm
551 3108 651 3158 possim
663 3094 741 3161 illum
757 3094 850 3158 perire
867 3094 913 3144 sed
930 3094 1070 3144 clementer
1087 3094 1119 3144 de
1137 3110 1218 3145 rnonu
1233 3095 1340 3146 inimici
1358 3095 1450 3160 eru'pni
1468 3100 1492 3145 et

261 3205 316 3241 euni
326 3190 439 3243 accisis
450 3189 558 3242 sedibus
568 3189 703 3241 cottocnci.

288 3287 338 3341 His
351 3286 441 3351 dictis,
461 3303 524 3341 cum
542 3286 615 3340 beati
628 3287 716 3339 Patris
728 3286 809 3340 vellet
821 3286 931 3340 advolvi
943 3287 1067 3356 pedibus,
1080 3287 1191 3356 evigilat
1203 3304 1295 3341 senex.
1308 3288 1379 3355 Quid
1391 3288 1491 3357 plura?
1586 3328 1588 3332 ι

223 3383 249 3436 n
261 3382 396 3441 hatrihus
415 3387 444 3440 in
464 3386 585 3454 capitulo
607 3402 657 3455 pro
680 3385 773 3439 Prima
793 3386 984 3450 residentibus,
1004 3387 1091 3456 surgit
1113 3403 1197 3440 senex
1222 3388 1410 3451 Christianus;
1429 3405 1491 3458 quae

264 3484 307 3539 sibi
316 3485 441 3553 injuncta
452 3486 570 3548 fuerant,
580 3501 673 3539 coram
686 3485 792 3538 cunctis
809 3486 933 3538 retexuit.
952 3484 1013 3551 Quo
1032 3491 1143 3554 accepto
1161 3487 1268 3554 nuntio,
1281 3504 1377 3540 omnes
1389 3486 1491 3555 pariter

264 3584 375 3638 errasse
388 3589 577 3654 prosternunt,
588 3589 616 3638 et
633 3583 785 3638 lacrimosis
802 3584 926 3653 suspiriis
943 3584 1044 3653 gratias
1061 3590 1152 3653 agunt.
1170 3586 1248 3639 Tunc
1266 3587 1385 3640 domnus
1402 3587 1490 3640 abbas

266 3677 353 3737 fratres
372 3683 407 3736 ad
428 3682 630 3737 confessionem
653 3699 763 3746 vocans,
787 3688 817 3736 ut
838 3684 1018 3737 emendarent
1034 3684 1214 3737 conscientias
1228 3701 1293 3738 suas
1311 3686 1491 3739 vehementer

263 3780 408 3846 admonuit,
419 3798 455 3836 ne
465 3764 657 3851 conspectibus
670 3783 738 3836 tanti
749 3782 839 3836 Patris
851 3782 963 3851 aliquod
981 3783 1142 3837 offensionis
1160 3784 1334 3837 obstaculum
1347 3801 1490 3838 occurrere

225 3864 396 3941 ²⁸ltotrrisset.
408 3881 470 3949 Qui,
479 3886 589 3951 peracto
601 3881 712 3950 capituli
724 3887 870 3946 conventu,
880 3898 977 3936 omnes
986 3883 1014 3936 in
1026 3882 1184 3935 vestiarium
1195 3882 1296 3951 pariter
1305 3888 1452 3951 proruunt;
1463 3891 1491 3939 et

257 3973 297 4032 tic
307 3981 435 4036 decenter
446 3980 516 4035 albis
527 3980 615 4035 induti
628 3984 656 4034 et
672 3981 767 4049 cappis
778 3981 944 4049 procedunt;
960 3983 1107 4035 missarum
1120 3981 1260 4035 solemniis
1272 3984 1354 4036 corde
1366 3983 1449 4037 simul
1463 3989 1491 4038 et

254 4083 369 4149 eorpore
390 4079 481 4133 ornati
499 4079 637 4133 insistunt.
657 4079 807 4148 Evangelio
832 4095 896 4133 vero
920 4078 1109 4148 pronuntiato,
1129 4081 1195 4133 satis
1215 4097 1351 4151 superque
1369 4083 1491 4137 eminere

251 4178 336 4246 strepit
357 4179 423 4248 qnia
445 4183 524 4247 pater
542 4178 707 4233 Benedictus
726 4178 876 4232 secundum
899 4178 1075 4247 sponsionem
1097 4179 1181 4232 sacris
1198 4181 1335 4250 mysteriis
1351 4180 1490 4246 interfuit3

245 4274 475 4347 ¹¹*nnsexcqinta
483 4282 511 4332 et
520 4278 642 4347 quinque
653 4277 755 4331 infirmi
764 4277 931 4331 omnimodae
944 4277 1110 4331 infirmitatis
1128 4278 1284 4333 retinaculis
1301 4282 1407 4336 tamdiu
1426 4281 1491 4336 nexi

187 4342 221 4400 ⁸⁰
241 4356 282 4422 51¹
298 4376 354 4446 ipsa
365 4377 514 4432 missarum
525 4375 709 4432 celebratione
721 4376 757 4430 ab
775 4377 849 4431 omni
868 4376 1094 4432 incommoditate
1112 4378 1219 4432 liberati
1239 4381 1274 4433 ad
1295 4383 1407 4450 propria
1426 4388 1491 4437 sunt

238 4471 378 4545 tenui,
386 4477 532 4533 laudantes
543 4482 571 4532 et
582 4476 776 4531 benedicentes
787 4477 884 4541 Deum,
897 4476 943 4546 qui
957 4476 1024 4531 vivit
1036 4483 1062 4531 et
1072 4483 1167 4546 regnat
1180 4479 1207 4532 in
1219 4479 1313 4534 secula
1324 4482 1490 4538 seculorum.

236 4556 353 4631 Amen.

299 4671 334 4731 8.
362 4676 431 4731 Cum
457 4675 578 4745 quodam
600 4681 724 4745 tempore
750 4673 900 4729 multorum
924 4673 1115 4742 religiosorum
1139 4675 1261 4730 virorum
1284 4684 1438 4736 conventus
1461 4681 1490 4737 in
