3270 5400
188 343 260 418 399
523 362 649 415 aaran
675 362 779 415 cono.
805 363 1082 417 mercenariam.

187 559 374 624 unusquisque
385 563 505 608 nosram
517 557 546 607 in
559 571 639 621 aqua,
649 561 672 606 et
681 555 773 606 credat
785 571 845 607 eum
854 571 909 607 esse
919 555 972 607 Dei
980 556 1077 621 fillum.
1089 554 1164 609 Dixit
1172 555 1308 624 Tyberius
1318 555 1411 612 Cesar:

193 653 235 706 Vre
242 655 311 706 mihi
319 656 385 723 qaia
393 670 446 706 non
454 654 545 706 nurui
552 669 613 705 eam
622 653 711 705 viam
726 654 755 704 r'n
768 668 879 720 corpore
891 654 949 706 isto.
961 651 1027 706 Post
1038 669 1148 706 menses
1159 670 1226 708 vero
1242 671 1344 710 novem
1360 671 1412 710 cre·

187 751 255 805 didit
266 751 294 805 in
302 752 395 806 Iesum
405 751 537 820 Tyberius
546 750 629 804 Cesar
636 754 665 804 et
672 749 824 819 baptizatus
836 755 914 805 estet
926 767 1008 804 mnus
1021 768 1038 804 a
1048 752 1128 821 plaga
1138 753 1260 822 syringii,
1270 753 1413 809 densetur

188 855 229 905 est
240 852 269 905 In
280 850 380 905 lectulo
390 866 449 905 suo.

291 953 350 1024 13ο
390 952 443 1025 De
485 951 724 1025 conversione
766 951 961 1044 cujusdam
1012 952 1214 1026 meretricis
1257 954 1415 1047 Thuysis

335 1064 487 1138 nomine
508 1065 585 1157 (fol.
608 1065 819 1155 roa-168⁹).

222 1194 290 1249 Edit
303 1195 332 1249 in
343 1197 403 1249 Act.
416 1196 470 1260 SS,
482 1195 517 1248 ad
529 1194 555 1248 d.
566 1195 583 1247 8
595 1192 662 1259 Oct,
674 1199 741 1248 tom.
749 1193 793 1257 lll,
805 1210 830 1261 p.
842 1192 900 1246 225.

375 1648 520 1736 CLXV.
545 1648 667 1737 Codex
692 1650 877 1760 signatus
902 1669 947 1736 n⁰
972 1649 1177 1750 996972(
1203 1661 1232 1750 ).

222 1885 302 1939 Hunc
314 1885 435 1939 codicem
449 1884 577 1939 loliorum
591 1885 645 1949 130,
663 1885 759 1939 iormae
776 1884 892 1938 minoris
910 1886 999 1953 (0¹¹²‚lti
1013 1893 1037 1942 ><
1048 1887 1143 1951 onai),
1161 1893 1307 1942 exaratum
1319 1903 1372 1942 sec.
1383 1887 1413 1951 ll,

189 1980 251 2035 ideo
263 1997 437 2034 recensemus
448 1981 513 2051 quia
522 1987 620 2050 praeter
631 1981 717 2035 multa
728 1982 868 2035 Prudentii
880 1982 984 2035 Aurelii
997 1987 1127 2050 poemata
1139 1983 1223 2037 etiam
1234 1985 1295 2052 ejus
1306 1987 1414 2039 Periste-

184 2082 297 2149 planon
310 2080 368 2146 (iol.
381 2080 422 2133 17Γ
432 2082 501 2149 sqq.)
513 2079 642 2133 continet.
652 2079 744 2133 Codex
753 2079 905 2149 descriptus
917 2085 958 2133 est
967 2080 1068 2148 partim
1079 2080 1151 2135 binIs
1161 2082 1308 2146 columnis,
1319 2083 1413 2154 partim

188 2177 267 2234 lineis
279 2179 374 2249 plenis,
382 2179 461 2232 lineis
472 2195 581 2248 semper
594 2179 664 2247 stylo
676 2179 765 2234 ferreo
778 2179 873 2233 ductis.
883 2179 975 2243 Tituli,
987 2180 1141 2250 litteraeque
1159 2182 1280 2249 maiores
1291 2187 1323 2236 ut
1338 2182 1415 2252 pluri·

189 2294 266 2332 mum
283 2279 431 2333 rubricata.

222 2377 339 2432 Carmen
364 2377 525 2446 inscriptum
544 2379 754 2446 Psychomachia
774 2383 936 2432 exornatum
957 2383 999 2431 est
1021 2378 1123 2433 tabulis
1146 2396 1207 2448 quaa
1228 2396 1276 2434 res
1296 2381 1416 2437 versibus

189 2477 347 2533 decantatas
360 2478 477 2533 vividius
495 2479 546 2533 sub
565 2478 650 2532 oculis
666 2482 809 2546 reponunt.
828 2478 866 2531 At
883 2478 1034 2532 delineator
1050 2495 1134 2548 opere
1150 2496 1201 2534 sno
1219 2496 1278 2535 nou
1290 2497 1414 2552 magnam

189 2578 231 2632 sui
243 2578 511 2632 commendationem
524 2578 596 2646 apud
609 2582 732 2646 posteros
744 2575 885 2631 stabilivit.
897 2577 988 2632 Codex
1001 2577 1067 2632 oIIm
1081 2578 1133 2632 init
1153 2579 1179 2632 S.
1190 2579 1335 2635 Maximini
1354 2580 1416 2635 Tre·

190 2676 312 2731 virensis.
323 2677 431 2731 Etenim
441 2693 539 2731 manus
550 2675 634 2730 seculi
646 2675 706 2729 XVI
719 2675 785 2729 tolio
799 2676 856 2729 1161
868 2676 940 2730 hanc
952 2676 1075 2731 notulam
1088 2676 1213 2745 scripsit:
1226 2680 1318 2733 Codex
1329 2696 1415 2735 mona·

189 2779 267 2830 sterit
285 2778 313 2830 S.
332 2779 480 2831 Maximini
497 2785 576 2830 extra
595 2793 689 2830 muros
712 2777 898 2830 Treverorum.
916 2778 947 2830 Si
964 2779 1026 2844 quis
1048 2778 1189 2831 abstulerit
1210 2781 1415 2834 anathemasti.

190 2876 255 2930 lude
264 2876 362 2930 transit
377 2875 404 2929 in
416 2875 540 2929 hlaseum
553 2874 773 2938 Bollandianum,
785 2875 858 2943 quod
870 2879 946 2944 patet
957 2891 989 2929 er
1005 2875 1082 2944 elgno
1099 2859 1150 2961 ᾧ
1166 2863 1223 2936 MS
1240 2879 1275 2933 63
1287 2881 1414 2947 Impreso

190 2975 330 3038 chartulae,
341 2991 402 3044 quas
416 2979 574 3043 tegumento
587 2973 752 3043 agglutinata
767 2976 815 3027 est.

223 3173 260 3240 (l)
277 3173 367 3227 Codex
385 3174 508 3241 signatus
525 3173 591 3226 9935
608 3172 655 3240 qui
670 3172 737 3226 olim
752 3171 804 3226 luit
820 3172 846 3225 S.
860 3171 998 3225 Laurentii
1012 3175 1264 3240 praetermittendus
1281 3182 1322 3231 est
1333 3192 1412 3247 quum

189 3255 329 3309 contineat
348 3273 417 3325 opus
437 3256 550 3323 Ruperti
574 3255 680 3308 abbatis
700 3254 848 3309 Tuitiensis
873 3255 901 3308 in
926 3255 1026 3309 lihrum
1052 3256 1112 3316 lob,
1130 3256 1184 3311 vid.
1210 3258 1309 3328 iligna.
1328 3260 1356 3314 P.
1377 3259 1411 3323 L,

190 3344 257 3393 tom.
268 3339 406 3401 CLXVIII,
416 3356 440 3408 p.
450 3339 497 3392 961
510 3355 570 3407 sqq.
582 3338 658 3392 Folio
671 3337 772 3392 codicis
789 3337 887 3392 ultimo
900 3337 1028 3407 descripti
1039 3345 1104 3393 sunt
1115 3340 1210 3408 hymni
1226 3341 1282 3395 duo
1294 3342 1322 3396 in
1331 3342 1410 3397 hono

190 3437 248 3475 rem
260 3421 306 3475 8¹²
318 3421 409 3476 llariae
420 3419 584 3490 Magdolenae
596 3436 714 3489 quorum
726 3420 808 3489 prior,
820 3419 915 3489 incipit
927 3439 933 3473 :

582 3552 685 3618 Lauda,
702 3557 791 3607 mater
808 3554 929 3618 ecclesia,

581 3651 675 3706 Lauda
687 3652 787 3707 Christi
799 3653 866 3707 clem
871 3653 983 3718 entiam,

582 3752 635 3819 Qui
646 3756 750 3822 septem
762 3757 860 3821 purgat
872 3752 939 3806 vitia

581 3849 633 3904 Per
644 3849 831 3918 septilormem
843 3849 969 3918 gratiam.

220 3999 359 4054 Posterior
370 3999 417 4068 qui
429 3999 561 4054 dicendus
572 4002 631 4052 erat
642 3998 671 4052 in
682 3998 823 4053 Laudibus
836 3998 931 4068 incipit
943 4019 949 4053 :

582 4131 684 4186 AEterni
696 4132 784 4186 Patris
794 4131 893 4197 Unice,

581 4231 636 4285 Nos
648 4232 693 4301 pio
706 4231 783 4285 vultu
795 4232 907 4301 respice,

581 4331 633 4398 Qui
645 4330 832 4400 Magdalenam
845 4331 928 4386 hodie

579 4430 668 4484 Vocas
679 4430 713 4483 ad
725 4430 856 4484 thronum
869 4429 971 4498 gratia.
