3338 5394
317 333 366 407 48
654 354 778 405 caran.
806 310 908 405 cono.
935 353 1209 405 aaaroenarmc.

318 544 479 611 prodeunte.
493 560 609 612 magnus
618 543 728 611 quidem
742 543 953 596 aestimabatnra
965 544 1066 613 populo
1076 560 1184 597 necnon
1199 545 1345 614 optabatur
1354 545 1393 598 illi
1403 544 1439 599 ab
1448 545 1546 615 impre-

319 644 448 697 cantibus
459 643 553 697 multis
565 659 696 712 prospera
706 641 848 711 fidelisque
860 643 964 710 optatio
973 645 993 698 4.

361 741 416 798 12.
439 742 554 804 Interea,
577 746 702 809 tempore
725 740 877 794 vocationis
898 758 954 794 suae
975 741 1163 805 determinato,
1183 741 1382 796 Senonensium
1402 741 1547 811 episcopus

318 841 434 896 terrenis
444 841 527 894 rebus
539 844 682 908 exemptus
691 838 726 891 ad
739 838 896 892 ¹Christum
910 838 962 891 luit
973 839 1126 892 accersitus.
1137 838 1344 893 confluentibus
1356 855 1420 908 ergo
1435 839 1470 893 ad
1482 856 1536 895 con

281 954 283 959 ⁴
318 941 488 995 stituendum
511 939 577 992 inihi
599 942 736 1005 pastorem
757 937 912 991 animarum
930 937 1082 991 vicinarum
1099 938 1209 991 urbium
1232 937 1415 1005 pontificibus,
1434 944 1579 995 sanctnstt

317 1040 434 1093 rimatus
447 1036 575 1091 electioni
585 1035 720 1089 addicitur
730 1041 756 1088 et
768 1035 795 1088 in
805 1034 890 1088 oculis
902 1037 1025 1088 omniurn
1043 1040 1229 1104 praesentatur,
1241 1035 1304 1088 licet
1315 1036 1390 1089 haud
1401 1036 1547 1090 mediocri·

316 1143 358 1192 ter
370 1138 481 1190 inritus.
500 1137 630 1189 Attamen
643 1134 859 1188 acclamantibus
871 1133 1004 1187 universis
1017 1153 1023 1186 ε
1041 1134 1152 1202 dignum
1170 1150 1233 1187 eum
1246 1135 1406 1199 sacerdotio,
1423 1135 1547 1204 pecuniae

316 1235 430 1288 minime
441 1235 608 1302 ¹questum,
618 1248 713 1285 rerum
723 1232 877 1285 christianae
887 1230 975 1298 plebis
984 1230 1078 1284 sitiens
1087 1231 1213 1294 salutem,
1222 1236 1365 1299 promotus
1377 1236 1404 1285 et
1416 1231 1547 1287 sublima·

315 1338 360 1387 tus
370 1339 411 1386 est
421 1334 456 1385 ad
469 1332 648 1400 episcopium.
661 1331 836 1398 deceptaque
847 1329 947 1396 ligandi
957 1334 984 1383 et
992 1330 1116 1383 solvendi
1128 1346 1191 1383 cum
1204 1330 1285 1383 Petro
1297 1335 1440 1398 potestate,
1451 1330 1548 1384 simul·

316 1449 369 1500 que
392 1432 479 1484 sancti
507 1430 643 1499 Spiritus⁸
660 1429 768 1492 virtute,
787 1428 919 1496 populum
940 1428 993 1481 sibi
1022 1428 1155 1481 creditum
1182 1428 1375 1496 predicatione
1401 1429 1548 1497 instruens,
1565 1439 1596 1489 to

316 1530 507 1584 benedictione
529 1528 705 1593 confirmans,
717 1544 783 1581 oves
795 1526 905 1580 Domini
923 1526 1024 1579 diaboli
1036 1542 1091 1580 non
1109 1527 1216 1580 sinebat
1228 1526 1240 1560 4
1256 1526 1412 1581 incursione
1423 1527 1546 1593 lacerari,

316 1646 384 1700 quas
396 1629 449 1697 piis
462 1628 588 1681 reficiens
603 1628 733 1680 doctrinae
751 1625 865 1694 pabulis,
882 1642 964 1693 super
975 1626 986 1659 ⁶
999 1642 1046 1678 eas
1064 1625 1091 1678 in
1109 1625 1173 1679 ovili
1191 1626 1334 1679 Dominico
1346 1642 1411 1680 cura
1423 1627 1546 1696 pervigili

316 1727 422 1797 vigilias
433 1727 606 1780 custodiebat
615 1726 701 1779 seculi
711 1725 723 1759 ⁶
732 1725 828 1778 noctis
839 1723 979 1778 Pontificis
990 1741 1100 1792 quoque
1109 1740 1210 1777 nomen
1220 1742 1276 1778 non
1288 1725 1416 1792 ignorans
1427 1730 1455 1779 et
1466 1726 1546 1780 mini·

316 1824 438 1889 sterium,
449 1824 477 1877 in
487 1823 618 1877 omnibus
630 1823 748 1890 seipsum
760 1821 915 1888 exemplum
926 1821 1041 1888 praebuit
1050 1821 1186 1874 bonorum
1199 1838 1321 1889 operum.
1330 1822 1442 1876 Diutina
1451 1824 1462 1856 ¹
1471 1823 1545 1877 enim

316 1921 460 1990 injustitia
481 1921 551 1973 bene
563 1920 684 1981 edoctus,
695 1918 747 1971 sibi
755 1918 898 1971 videbatur
910 1933 1015 1986 parcus,
1028 1917 1120 1985 egenis
1128 1917 1227 1985 largus
1239 1934 1286 1971 ore
1299 1935 1420 1982 serenus,
1432 1936 1547 1988 corpore
1566 1929 1596 1977 to

316 2024 415 2079 castus,
424 2018 531 2087 vigiliis,
539 2018 651 2086 jejuniis
663 2023 690 2070 et
699 2017 868 2070 orationibus
877 2016 992 2079 deditus,
1002 2013 1083 2084 atque
1093 2017 1167 2069 omni
1177 2017 1300 2071 bonitate
1310 2018 1436 2085 repletus.
1445 2018 1546 2073 Fidelis

315 2135 415 2186 nempe
428 2135 523 2171 servus
533 2122 560 2171 et
573 2118 701 2185 prudens,
711 2133 793 2184 quem
803 2132 884 2184 super
892 2133 971 2168 suam
981 2115 1115 2168 Dominus
1123 2115 1302 2169 constituerat
1310 2117 1451 2180 familiam,
1460 2122 1492 2172 ut
1499 2119 1547 2174 det

316 2213 1546 2284 illistriticimensurameamverbisdocens,exemplisinstruens,assiduisinsuperoratio

316 2317 398 2370 nibus
407 2317 482 2385 prius
492 2333 541 2384 pro
552 2333 589 2378 se,
600 2303 697 2368 deinde
706 2315 869 2368 sacrificium
880 2313 1290 2382 offerendoprosibicomrnisso
1300 2310 1546 2384 populo,ndelictis

317 2416 469 2469 emundans
480 2431 620 2483 quosquos
630 2414 657 2466 in
670 2413 714 2466 ria
725 2412 894 2466 rectitudinis
903 2412 1063 2465 deducebat.
1072 2412 1127 2465 Nec
1139 2415 1356 2480 praetereundum
1370 2414 1434 2483 quia
1445 2415 1546 2470 daemo-
1562 2421 1594 2472 aa

316 2514 398 2567 nibus
410 2514 448 2566 sic
461 2518 519 2566 erat
539 2513 660 2577 infestus,
670 2517 700 2565 ut
712 2528 794 2564 nemo
807 2511 831 2563 ei
841 2511 875 2563 ad
885 2511 1046 2564 tentandum
1059 2512 1188 2564 accedere
1204 2511 1282 2566 tieret
1294 2513 1305 2546 ⁸
1317 2529 1407 2566 ausus.
1419 2512 1547 2581 Quibus⁹

317 2629 333 2666 e
348 2618 444 2666 contra
456 2617 591 2680 precepto
609 2629 670 2664 cum
685 2611 761 2678 signo
774 2609 861 2663 crucis
873 2609 1019 2691 imperans
1029 2615 1057 2662 et
1068 2626 1084 2661 a
1096 2610 1256 2678 corporibus
1268 2628 1316 2664 eos
1328 2610 1446 2665 obsessis
1458 2630 1546 2667 remo·

318 2728 393 2776 vens,
403 2712 437 2765 de
447 2712 618 2764 credentium
629 2711 731 2764 sinibus
739 2709 919 2778 proturbabat
928 2710 959 2761 ¹⁰.
969 2709 1018 2761 Ast
1027 2709 1186 2778 angelornm
1196 2709 1332 2778 frequenti
1341 2728 1408 2765 usus
1416 2712 1546 2781 alloquio,

317 2827 500 2878 supernorum
513 2810 698 2878 multiplieiter
707 2809 880 2862 astruebatur
890 2807 1051 2861 ministerio.

360 2910 415 2967 13.
437 2910 476 2962 Ea
490 2911 498 2943 ¹
516 2912 679 2976 tempestate
695 2906 880 2960 Theodericus
892 2906 903 2939 4
915 2906 1054 2959 Lucdorei
1066 2906 1085 2969 ¹,
1097 2907 1144 2973 qui
1156 2923 1189 2959 ex
1202 2907 1356 2976 Dagoberto
1367 2914 1546 2978 processerat,
1562 2913 1595 2962 ar

316 3009 440 3077 iniquam
455 3006 626 3075 tyrannidem
636 3004 802 3057 moliebatur
813 3004 981 3057 Francorum
991 3004 1165 3072 primoribus
1178 3005 1231 3071 Qui
1239 3006 1274 3058 ab
1287 3005 1389 3059 eisdem
1400 3006 1547 3060 diu‘tnse-

316 3111 404 3171 entus,
423 3104 534 3157 tandem
552 3106 648 3170 captus
668 3105 695 3153 et
712 3100 845 3153 violenter
867 3100 972 3166 injuriis
989 3101 1111 3164 adactus,
1124 3107 1280 3155 tonsoratus
1301 3102 1329 3155 in
1346 3104 1545 3158 monasterium

317 3203 441 3264 mittitur,
454 3219 486 3254 ac
500 3201 583 3254 frater
602 3199 686 3267 ipsius
705 3200 732 3251 in
745 3214 858 3266 regnum
871 3199 1025 3251 Hildericus
1037 3199 1152 3266 eligitur.
1169 3200 1261 3253 Sedet
1274 3200 1332 3269 ipso
1349 3218 1365 3254 a
1381 3202 1493 3256 Francis
1509 3203 1547 3257 ob

316 3301 499 3355 nefandorum
513 3300 690 3353 insolentiam
704 3302 815 3350 actuum
833 3297 984 3362 interiecto,
997 3298 1100 3352 dudum
1118 3315 1228 3367 quoque
1245 3301 1304 3366 ejus
1320 3300 1446 3355 similiter
1462 3303 1547 3356 fratre

317 3397 449 3451 Lotlrario
462 3397 513 3450 ¹in
523 3397 668 3462 juventute
678 3393 922 3462 mortuo,regalem
935 3410 1018 3462 quam
1031 3411 1118 3462 nuper
1126 3395 1256 3449 amiserat
1265 3397 1367 3465 recepit
1377 3397 1546 3465 dignitatem.
1564 3406 1594 3457 30

317 3496 367 3549 111⁰
379 3497 462 3563 hujus
477 3495 570 3563 itaque
582 3494 681 3561 sceptri
689 3492 851 3546 monarchia
859 3492 984 3560 plurimis
997 3493 1229 3557 dissentientibus,
1241 3495 1356 3548 dirersis
1368 3500 1394 3548 et
1402 3496 1547 3565 partibus¹

317 3595 370 3648 hac
383 3595 501 3662 illacque
514 3592 714 3655 vacillantibus,
731 3592 797 3645 mali
815 3593 888 3645 eninr
903 3591 1116 3645 bonisinrident
1133 3597 1160 3645 et
1177 3592 1294 3646 libenter
1311 3594 1424 3648 insidias
1441 3599 1547 3664 parant,

317 3699 427 3747 sanctus
437 3693 560 3762 pontifex
571 3693 687 3744 Amnius
696 3691 768 3759 apud
781 3708 843 3743 eum
857 3697 1010 3753 accusatur,
1019 3696 1046 3743 ct
1058 3693 1136 3759 quasi
1149 3691 1266 3745 infidelis
1277 3693 1312 3746 ab
1325 3693 1415 3762 impiis
1427 3699 1455 3748 et
1465 3695 1547 3749 reniti

316 3793 427 3860 justitiae
437 3792 611 3861 cupientibus
624 3790 805 3844 insimulatur.
815 3791 893 3843 Unde
903 3806 992 3858 neque
1004 3791 1151 3858 spectaculi
1165 3791 1267 3859 judicio
1283 3793 1419 3858 admotus,
1427 3810 1518 3861 neque
1529 3811 1547 3847 a

318 4065 349 4073 —
360 4037 373 4070 4
385 4037 460 4104 optio
469 4038 493 4099 h,
505 4037 529 4089 4.

349 4116 424 4170 Nam.
439 4117 477 4171 12.
490 4148 521 4155 —
535 4120 544 4152 ¹
557 4122 585 4171 et
595 4118 630 4170 ad
641 4120 665 4180 3,
674 4119 698 4170 ¹1.
708 4149 739 4154 --
749 4119 760 4151 ¹¹
770 4122 808 4171 ito
820 4119 881 4178 aa,
897 4119 988 4171 nimia
999 4121 1019 4173 l.
1036 4149 1062 4157 -
1073 4122 1085 4154 ³
1098 4121 1168 4186 (sim.
1181 4138 1201 4174 s.
1214 4121 1250 4185 S.)
1262 4138 1283 4174 s.
1296 4122 1321 4173 S.
1331 4122 1393 4174 sim.
1405 4122 1428 4173 4.).
1441 4149 1475 4160 ·-
1485 4123 1497 4155 4
1509 4122 1546 4187 (d.

316 4216 373 4253 non
392 4200 425 4266 s.)
443 4217 499 4252 non
518 4217 538 4252 s.
557 4200 694 4253 diaholica
711 4203 735 4252 2.
747 4228 779 4239 -
792 4201 803 4234 4
815 4205 842 4254 et
851 4217 932 4268 super
943 4203 967 4254 t.
977 4203 1029 4239 -4
1043 4202 1146 4256 scilicet
1157 4204 1180 4256 3.
1192 4234 1224 4242 —
1234 4204 1244 4237 ¹
1255 4203 1546 4270 (diutina-deducebat]

316 4300 367 4335 om.
378 4283 402 4335 3.
412 4312 445 4319 —
456 4283 469 4316 ⁸
480 4282 562 4337 luerit
573 4283 597 4335 3.
607 4310 638 4320 —
652 4283 663 4317 4
674 4282 961 4350 (quibus-ministerio)
970 4302 1020 4337 om.
1032 4286 1056 4337 3.
1065 4314 1097 4321 —
1107 4284 1131 4319 ¹⁰
1139 4285 1317 4353 perturbabat
1324 4286 1347 4338 t.

349 4363 423 4417 lium.
438 4362 476 4416 13.
490 4392 520 4401 -
534 4365 544 4398 4
557 4365 614 4417 Hac
623 4366 647 4416 3.
659 4396 691 4404 -
704 4365 781 4417 ²cod.
790 4365 968 4427 ThodericuS,
980 4375 1009 4418 ot
1020 4384 1082 4419 onos
1094 4366 1288 4430 Theodericus,
1300 4377 1331 4420 att
1342 4370 1400 4420 olii,
1412 4397 1443 4404 -
1455 4368 1468 4403 ⁸
1479 4368 1546 4423 Loc-

317 4447 398 4500 dovei
407 4448 430 4508 l,
441 4446 583 4499 Ludou'ici
595 4448 619 4511 3,
629 4446 760 4500 Clodorei
772 4449 797 4500 4.
806 4448 858 4484 -4
871 4447 916 4512 (ab
928 4463 951 4500 e.
961 4447 997 4513 d.)
1008 4449 1032 4500 d.
1042 4448 1077 4501 ab
1087 4465 1110 4501 e.
1119 4449 1170 4502 9-4.
1180 4450 1233 4487 -4
1245 4449 1389 4503 Hlothario
1398 4451 1422 4503 4.
1430 4478 1463 4489 —
1472 4451 1484 4485 ⁶
1493 4452 1545 4519 (ln-

316 4528 391 4592 diss.)
403 4532 442 4582 ito
454 4529 485 4590 2;
499 4530 582 4596 hujus
594 4529 687 4597 itaque
699 4530 799 4597 sceptri
812 4530 954 4583 sententiis
968 4530 994 4583 iu
1006 4531 1168 4585 monarchia
1179 4531 1360 4586 sentientibus
1376 4532 1547 4598 (dissentien-

316 4609 389 4663 tibus
397 4611 425 4676 4)
436 4613 458 4675 1,
467 4612 492 4677 3,
500 4612 524 4664 t.
537 4611 587 4649 -¹
600 4612 636 4677 (d.
649 4616 676 4665 et
688 4610 724 4680 p.)
738 4615 778 4666 ito
791 4613 824 4676 l;
837 4610 1006 4680 diversisque
1024 4617 1052 4667 et
1068 4613 1191 4682 partibus
1210 4616 1232 4678 1,
1248 4614 1265 4667 t
1273 4634 1279 4677 ;
1298 4614 1406 4668 diverse
1422 4615 1547 4684 partibus

317 4691 401 4746 etiarn
409 4694 433 4747 3.
