3270 5400
488 376 584 431 arar..
600 375 682 429 nna.
701 375 874 429 anoxnnn.
894 397 940 407 -
958 376 1039 429 con.
1057 370 1095 427 n⁰
1111 374 1235 429 rara-ao.
1410 355 1479 426 135

236 566 303 620 tiliae
322 566 428 621 sororis
445 582 503 621 sure
520 566 609 621 beata
627 565 811 621 waldetrudis
828 568 896 632 (una
913 567 1064 621 vocabatur
1081 564 1245 629 Aldetrudis‚
1270 565 1356 619 altera
1379 564 1479 618 bladal-

239 665 342 732 bera),
352 665 475 729 tradidit;
487 665 536 719 ubi
547 666 606 719 Deo
617 665 767 720 auxiliante
779 666 936 735 exemplum
949 666 1086 719 bonorum
1104 680 1219 732 operum
1236 663 1355 733 seipsam
1373 665 1478 719 cunctis

239 764 359 832 praebuit
370 764 398 818 iu
410 763 574 829 bumilitate,
583 763 612 818 iu
624 763 789 828 obedientia,
798 764 825 818 in
834 762 974 834 patientia,
983 763 1011 817 iu
1023 763 1156 826 castitate,
1170 763 1196 816 in
1209 761 1329 830 jejuniis,
1338 761 1367 815 in
1379 763 1477 832 vigiliis

240 866 269 913 et
279 861 609 926 orationibuscontinuis‚
620 861 649 916 in
665 862 880 932 longanimitate,
890 863 917 916 in
935 861 1156 925 mansuetudine,
1167 863 1196 915 in
1209 861 1384 915 modestiaet
1401 861 1476 915 beni·

201 969 219 1017 t
237 960 352 1029 gnitate
364 961 516 1030 Postquam
527 960 608 1031 igitur
616 961 697 1015 beata
714 961 881 1030 Aldegundis
896 961 1062 1015 monialibus
1072 959 1242 1014 vestimentis
1260 964 1300 1013 est
1313 960 1409 1014 induta
1420 964 1448 1014 et
1459 978 1475 1013 a

237 1058 413 1114 secularibus
420 1060 528 1130 pompis
536 1077 677 1124 conversa,
689 1061 816 1129 apparuit
824 1061 848 1114 ei
859 1061 971 1130 quidarn
980 1060 1067 1114 solem
1080 1058 1248 1128 splendentis
1257 1060 1271 1090 ¹¹
1280 1064 1384 1122 tenens,
1393 1059 1475 1113 vesti·

239 1164 284 1211 tus
297 1158 421 1213 vestibus
432 1158 503 1213 albis
515 1164 542 1214 et
554 1159 677 1213 candidis
688 1160 765 1229 quasi
784 1161 830 1213 nix
837 1179 844 1225 ;
857 1165 884 1214 et
896 1164 959 1213 ante
977 1175 1041 1212 eum
1060 1158 1171 1211 stabant
1182 1158 1271 1227 angeli
1284 1162 1310 1212 et
1321 1157 1476 1213 adorabant

238 1272 313 1320 eum,
325 1257 449 1311 dicentes
461 1277 468 1311 ε
482 1260 579 1312 Gloria
591 1260 648 1323 titi,
661 1260 783 1312 Domine.
803 1259 836 1311 m
857 1263 887 1312 ut
903 1258 963 1326 ipsa
980 1258 1107 1311 consessa
1124 1262 1174 1320 est,
1192 1261 1219 1309 et
1240 1257 1328 1309 Deum
1348 1256 1474 1311 adhibuit

239 1360 339 1409 testem
349 1371 406 1410 non
415 1372 446 1409 se
458 1356 576 1421 mentiri,
584 1356 613 1410 in
624 1356 722 1425 spiritu
735 1356 835 1411 uidisse
845 1357 962 1425 gloriam
979 1373 1035 1424 qua
1046 1355 1223 1425 perfruuntur
1234 1355 1321 1410 sancti
1333 1355 1360 1409 in
1373 1355 1474 1409 coelesti

193 1462 225 1510 to
242 1452 338 1519 gloria
731 1435 734 1443 ¹

274 1554 337 1607 Post
349 1570 425 1607 num.
434 1557 468 1606 19
478 1555 542 1606 add.
552 1570 605 1622 seq.
614 1554 654 1622 (p.
664 1558 722 1620 436,
731 1555 777 1606 col.
789 1556 820 1616 2)
832 1572 842 1604 :

274 1651 359 1705 Beata
368 1653 446 1721 virgo
454 1651 543 1705 sciens
552 1668 601 1720 per
609 1652 739 1720 Spiritum
750 1657 875 1705 sanctum
885 1651 1152 1720 appropinquantem
1162 1666 1244 1703 suum
1254 1650 1327 1704 diem
1338 1650 1475 1714 ultimum,

243 1751 390 1819 deprecans
402 1750 551 1805 Dominum
564 1756 595 1805 ut
605 1750 774 1820 crucifigeret
786 1767 833 1819 per
844 1750 1000 1819 passionem
1014 1765 1112 1818 corpus
1123 1765 1204 1803 suum
1223 1754 1250 1802 et
1261 1749 1391 1818 probaret
1405 1749 1475 1804 siout

245 1850 277 1902 de
287 1849 368 1904 beato
379 1850 433 1904 lob
444 1850 577 1919 scriptum
589 1854 638 1904 est
650 1849 728 1904 Tunc
743 1849 917 1918 omnipotens
936 1850 1017 1913 Deua,
1034 1847 1082 1917 qni
1103 1864 1152 1916 per
1173 1847 1330 1916 passionem
1351 1849 1411 1902 Filii
1431 1849 1473 1903 sui

208 1951 234 1999 tt
247 1948 357 2003 redemit
367 1965 454 2019 penus
464 1949 627 2013 humanum,
639 1949 779 2003 exaudivit
791 1948 944 2002 orationem
955 1949 1061 2001 dilectae
1072 1965 1129 2001 suaa
1141 1948 1276 2003 amabilis.
1288 1948 1386 2001 liunus
1398 1948 1471 2017 quod

251 2047 328 2113 petiit,
338 2047 418 2102 citius
429 2048 593 2118 impetrarit
606 2048 703 2102 Cancri
715 2042 862 2102 mortruin*
873 2048 900 2101 in
913 2049 1009 2102 dextra
1018 2047 1142 2101 mamilla
1151 2064 1201 2100 sna
1215 2047 1319 2109 evenit;
1331 2048 1404 2102 unde
1413 2065 1472 2102 oru-

254 2141 315 2197 ciatn
324 2143 376 2199 luit
386 2161 474 2215 usque
486 2145 521 2198 ad
533 2144 641 2199 obitum
652 2162 742 2199 sunm.

283 2243 356 2296 Nm
365 2248 407 2312 27,
416 2261 470 2312 pro
480 2260 565 2313 quam
577 2260 721 2312 precamur·
733 2244 813 2313 apud,
825 2247 901 2299 cod:

286 2338 478 2395 ildilectissimi
495 2341 594 2395 iratres
615 2342 643 2394 in
661 2340 778 2405 Christo,
795 2342 937 2395 credentes
955 2340 1047 2394 venire
1064 2357 1115 2394 vos
1135 2345 1243 2410 oportet
1261 2341 1296 2394 ad
1317 2342 1471 2410 sepulcrum

231 2438 255 2490 u
267 2436 410 2508 elisamae
421 2440 571 2504 flectentes,
581 2456 643 2494 cum
657 2440 776 2494 lacrimis
787 2456 849 2493 eam
861 2440 1047 2509 deprecantes,
1059 2445 1089 2493 ut
1102 2439 1269 2494 intercedere
1281 2440 1407 2509 dignetur
1423 2456 1472 2509 pro

269 2536 329 2589 nobis
339 2540 407 2608 apud
416 2541 477 2605 (etc.
487 2548 516 2594 ut
526 2543 555 2593 in
565 2540 658 2603 editis)
708 2539 768 2593 laus
779 2538 915 2593 aeternalis
962 2555 1033 2592 nunc
1050 2544 1077 2592 et
1095 2540 1123 2592 in
1140 2539 1234 2592 omnia
1247 2543 1274 2592 et
1285 2555 1368 2607 super
1380 2539 1473 2593 omnia

273 2636 511 2693 rudimentorum.
523 2638 620 2692 Arnen.

691 2835 869 2843 ——--
875 2836 1032 2842 ------

443 3096 619 3187 xcvm.
648 3098 774 3185 (lodex
799 3098 987 3209 signatus
1012 3117 1057 3182 n⁰
1082 3097 1269 3187 7825-26.

302 3332 374 3391 dudm
384 3345 423 3393 ast
434 3340 531 3393 iormae
540 3340 639 3394 mediae
647 3340 752 3405 (0¹¹¹,3it
767 3350 789 3399 ><
806 3341 899 3407 ΟΜ),
913 3341 1043 3394 loliorum
1055 3341 1096 3404 36,
1103 3339 1150 3410 qui
1160 3341 1230 3393 adeo
1239 3345 1392 3409 temporum
1403 3340 1473 3407 inju-

167 3494 171 3501 ,
280 3428 330 3484 illm
344 3452 425 3502 pasus
435 3443 478 3492 est
494 3443 526 3491 ut
543 3439 782 3493 conservatoribus
799 3439 868 3493 Bibi.
886 3439 952 3508 ΗΘΒ.
970 3439 1112 3493 involucro
1129 3439 1274 3493 chartaceo
1293 3439 1472 3493 includendus

281 3526 336 3582 risus
349 3535 382 3591 sit

305 3624 411 3691 bnans
420 3641 463 3691 est
474 3637 569 3691 seculo
580 3637 649 3701 xiv,
658 3637 731 3692 binis
740 3638 884 3703 columnis,
893 3638 973 3691 lineis
982 3638 1109 3707 plumbea
1118 3638 1250 3706 graphide
1259 3638 1355 3692 ductis.
1362 3638 1471 3692 Litterae

282 3724 381 3788 “riute
393 3736 629 3806 capitulorumque
646 3737 833 3791 distinctiones
855 3738 939 3791 rubro
960 3737 1100 3806 descriptae
1124 3741 1195 3790 sunt
1213 3737 1256 3789 Ad
1274 3736 1384 3790 initium
1407 3737 1472 3790 Vitae

283 3818 302 3871 S·
316 3821 426 3889 tinniet
448 3835 507 3900 (iol.
530 3835 564 3899 1²>
581 3835 657 3888 rudis
673 3836 785 3904 quidam
803 3836 901 3890 artilex
924 3836 997 3889 beati
1019 3835 1183 3889 Patriarchae
1200 3835 1318 3905 effigiem
1335 3835 1472 3889 delineare

283 3918 376 3982 travit

307 4014 553 4101 bideninmarptne
562 4031 695 4101 superiori
703 4032 846 4102 sequentia
855 4049 903 4086 sua
913 4048 997 4087 manu
1007 4031 1143 4101 inscripsit
1152 4032 1248 4086 Daniel
1255 4031 1472 4100 Papebrochius:

287 4112 342 4172 ⁰⁰¹⁰
350 4129 407 4186 Mirr.
417 4132 449 4187 B.
466 4134 498 4186 P.
515 4132 640 4187 Uldora'ci
652 4133 726 4198 Nola,
735 4135 842 4200 prioris
859 4133 1301 4199 Francofurdensis,an.1688‚ex
1318 4133 1472 4185 bibliotheca

286 4226 404 4295 mmm
420 4234 467 4287 ubi
484 4240 573 4287 acuat
593 4234 683 4287 adhuc
699 4234 779 4285 aliud
795 4234 941 4299 exemptor.
959 4231 1020 4284 ntia
1036 4247 1136 4284 manus
1154 4231 1253 4299 adjecit
1270 4251 1276 4284 ε
1294 4232 1378 4285 Liber
1395 4233 1472 4296 infra

287 4315 495 4389 murdse
670 4366 691 4415 0

362 4506 389 4577 ¹⁰
408 4511 490 4588 Vita
503 4514 623 4588 sancti
641 4513 757 4606 patris
775 4514 893 4587 nostri
911 4512 1093 4586 Dominici
1111 4512 1190 4605 (iol.
1212 4514 1348 4604 aaut

313 4618 462 4778 ἓῑυοὶοιο
473 4644 650 4699 'theodorico
663 4645 697 4698 de
709 4644 854 4712 Appoldia,
866 4643 939 4698 edita
951 4659 984 4696 ex
995 4643 1049 4697 hoc
1059 4643 1118 4697 cod.
1128 4643 1155 4697 in
1165 4647 1223 4697 Act.
1231 4646 1287 4710 SS.,
1296 4649 1363 4698 tom.
1375 4645 1386 4697 t
1398 4643 1474 4713 Aug..

291 4730 309 4782 l
360 4746 408 4809 aa·
