3270 5400
373 353 466 405 aran.
483 351 564 405 aaa.
583 351 755 405 sauram.
774 373 821 381 -
839 349 986 402 aarum.
1005 350 1051 401 an
1069 350 1148 402 con.
1166 339 1205 400 ΝΟ
1222 345 1298 401 rasa.
1403 326 1450 399 57

232 544 321 597 eadem
332 543 418 597 domo
434 558 546 596 servum
558 541 629 607 berh
641 542 690 596 sed
706 542 756 597 Dei
767 541 855 596 nostri
871 540 1024 596 mirabilior
1041 544 1123 609 atque
1140 537 1305 593 laudabilior
1321 543 1451 608 potestas,

231 643 282 712 qui,
292 647 390 697 cuncta
401 646 485 712 prout
496 642 556 696 vult
567 646 596 695 et
605 641 746 710 quomodo
758 641 817 695 vult
834 641 972 706 ordinans,
988 640 1173 694 bumilitatem
1190 640 1324 707 majorem
1336 639 1448 708 praelato

231 741 306 806 dedit,
322 758 407 810 quam
419 740 479 810 ipse
490 742 674 808 commendat,
686 740 792 794 dicens:
807 743 862 807 Qui
872 743 962 807 samer
972 748 1010 795 est
1020 748 1144 807 cestrum,
1155 743 1207 793 erit
1221 742 1346 792 minister
1358 746 1449 792 cester.

230 839 296 907 Quia
308 841 403 894 Omnis
422 843 471 909 qui
487 858 515 894 ae
531 843 634 895 waitot
647 842 846 907 humiliabitur,
857 849 882 894 et
896 843 945 910 qai
961 859 988 894 se
1004 842 1132 893 liumiliot
1143 841 1316 893 exaltabitur.
1334 839 1447 893 Manens

204 938 315 1008 tibique
342 937 446 992 ibidem
475 955 539 993 cum
559 939 709 993 venerabili
735 939 819 993 levita
849 939 1014 993 venerabilis
1041 940 1169 993 sacerdos
1191 939 1315 1003 limatus,
1338 939 1447 991 hortum

230 1037 274 1092 bei
290 1038 380 1092 cultor
396 1037 604 1108 diligentissime
619 1039 769 1093 excolebat
792 1039 871 1094 Unde
890 1056 939 1109 pro
957 1055 1038 1107 posse
1058 1039 1227 1093 infructuosa
1243 1054 1360 1106 quaeque
1376 1038 1446 1091 evel-

229 1135 395 1200 tenacitem,
413 1135 523 1201 olivam,
539 1135 663 1206 aliasque
682 1136 836 1190 sructileras
856 1136 968 1191 arbores
985 1137 1104 1190 inserere
1120 1153 1175 1191 non
1196 1137 1329 1189 cessabat.
1341 1135 1449 1188 Scilicet

229 1235 426 1305 predicationis
453 1240 544 1289 aratro
576 1253 593 1290 a
623 1237 752 1290 cordibus
779 1237 951 1291 subditorum
981 1237 1111 1290 vitiorum
1147 1236 1269 1305 germina
1298 1234 1449 1298 eradicans,

229 1335 452 1404 qranavirtutum
464 1334 625 1402 seminabat,
638 1336 823 1406 populumque
833 1336 868 1389 ad
877 1353 940 1390 aum
953 1336 1075 1404 undique
1092 1336 1300 1389 convenientem
1318 1334 1451 1389 dulcifluis

193 1440 216 1488 tt
229 1433 400 1488 sermonibus
408 1435 557 1503 saepissime
565 1434 748 1489 confortabat.
756 1435 836 1502 Quod
848 1440 941 1489 tamen
950 1440 1047 1505 praeter
1056 1451 1131 1505 spem
1142 1435 1194 1488 sibi
1204 1434 1302 1498 evenit,
1310 1434 1451 1502 quoniam,

229 1531 396 1600 negotiorum
410 1531 534 1584 omnium
547 1547 630 1585 onere
642 1532 758 1599 abjecto,
775 1531 896 1586 solitarie
914 1532 1006 1586 vivere
1023 1532 1129 1600 solique
1147 1533 1203 1585 Deo
1222 1531 1302 1585 solito
1319 1532 1450 1586 secretius

230 1643 322 1681 vacare
338 1633 422 1698 atque
433 1645 466 1682 ex
480 1634 539 1683 toto
556 1645 640 1699 opera
656 1647 706 1684 sua
723 1631 857 1684 muudum
876 1630 964 1683 celare
981 1630 1161 1699 disposuerat.
1178 1630 1258 1696 Quod
1275 1646 1450 1699 nequaquam
1497 1616 1502 1625 ’

229 1741 304 1795 posse
312 1726 371 1781 lieri
384 1728 469 1781 rerba
479 1727 606 1782 Veritatis
617 1728 763 1793 insinuant,
775 1727 822 1782 ubi
835 1728 873 1782 ait
884 1748 891 1781 :
902 1730 961 1781 Noa
971 1736 1056 1796 potest
1070 1729 1136 1781 urbe
1147 1745 1229 1794 saper
1241 1736 1352 1782 montem
1360 1730 1451 1794 posita

230 1827 366 1892 abeonae
374 1830 675 1896 necpcauntluccrnem
682 1831 732 1881 sub
740 1831 836 1894 modio,
846 1830 892 1882 aed
900 1846 982 1896 saper
990 1830 1189 1893 catrdeIubram,
1198 1836 1228 1880 ut
1235 1829 1320 1880 taceat
1328 1829 1453 1881 omnibus

194 1931 218 1981 ta
230 1929 274 1994 qai
284 1929 314 1979 in
324 1928 403 1980 domo
414 1935 486 1980 aunt.
497 1919 568 1981 Suos
576 1944 687 1997 quoquc
698 1943 793 1981 servos
804 1928 838 1980 ad
855 1927 962 1981 lucrum
976 1926 1091 1980 aliorum
1104 1943 1265 1995 provocans,
1277 1926 1330 1980 ait:
1350 1927 1451 1979 Laceat

230 2025 276 2077 lac
285 2032 374 2078 nstro
389 2042 483 2079 corum
493 2027 655 2090 horninibus,
672 2034 701 2080 at
711 2028 859 2094 ptorificent
871 2029 979 2080 Patrem
991 2034 1108 2079 oestrum
1124 2029 1173 2093 qui
1184 2028 1213 2078 ia
1231 2028 1304 2079 coetis
1316 2032 1360 2079 est.
1372 2024 1451 2091 Quod

231 2122 307 2177 etiam
316 2123 417 2177 beatus
429 2124 529 2178 Christi
541 2125 638 2194 praesul
648 2142 704 2179 non
721 2126 803 2178 surda
818 2142 885 2179 aure
896 2125 1054 2194 percipiam,
1067 2130 1094 2177 et
1105 2125 1333 2179 convenientibus
1344 2123 1452 2193 populis

230 2220 437 2276 roborationem
449 2240 549 2293 negare
558 2224 698 2293 divinique
704 2225 840 2278 sermonis
848 2224 950 2293 pabula
958 2225 1118 2279 subtrahere
1129 2224 1278 2290 metuebat,
1285 2229 1320 2287 et,
1330 2228 1360 2277 ut
1369 2240 1451 2292 supra

230 2318 325 2374 dictum
345 2326 396 2387 est,
416 2338 591 2391 quocumque
611 2323 694 2376 modo
715 2323 845 2376 secretius
866 2339 946 2392 agere
962 2329 990 2377 et
1009 2339 1065 2377 non
1082 2323 1117 2376 ad
1134 2322 1249 2391 gloriam
1266 2339 1344 2375 suam
1366 2321 1450 2375 videri

195 2419 372 2475 ttadmodum
394 2420 575 2475 desiderabat
593 2422 666 2475 luter
684 2421 743 2476 haec
760 2439 826 2476 vcro
843 2423 922 2487 iuxta
945 2422 1085 2476 basilicam
1106 2422 1232 2476 cellulam
1252 2420 1304 2474 sibi
1325 2421 1451 2475 fabricari

230 2518 358 2587 pracepit,
378 2517 449 2573 intra
466 2536 551 2588 quam
567 2522 798 2590 quandocumque
814 2525 1000 2590 opportunum
1018 2527 1077 2575 erat
1096 2538 1156 2574 sese
1177 2522 1327 2585 continens,
1345 2518 1451 2589 vigiliis,

231 2615 394 2670 orationibus
405 2622 489 2687 atque
504 2618 615 2687 iejuniis
626 2620 795 2674 incessanter
811 2620 984 2688 fatigabatur.
996 2620 1048 2674 Ubi
1061 2619 1144 2672 etiam
1156 2619 1244 2672 multa
1256 2619 1363 2687 corpori
1375 2616 1451 2671 adhi-

231 2712 316 2768 buisse
333 2719 481 2779 tormenta,
494 2721 597 2786 postea,
613 2719 712 2772 mortis
728 2718 856 2771 videlicet
867 2723 999 2786 tempore,
1012 2717 1211 2788 comprobatur.
1225 2716 1374 2771 Dominicis
1385 2732 1451 2769 vero

231 2808 320 2865 diebus
331 2813 481 2880 egrediens.
493 2818 528 2877 et,
545 2821 674 2884 utsupra
691 2816 792 2869 dictum
812 2822 861 2880 est,
881 2817 990 2885 populis
1007 2815 1217 2870 collocutionem
1236 2817 1370 2885 denegare
1385 2813 1451 2867 divi·

196 2919 220 2969 Β
231 2908 305 2978 uiqne
316 2912 453 2966 sermonis
464 2913 565 2981 pabula
576 2915 740 2968 subtrahere
756 2915 905 2969 metuebat.
913 2916 1095 2969 Confluebant
1106 2916 1141 2968 ad
1158 2932 1221 2969 eum
1234 2931 1332 2969 omnes
1343 2915 1451 2983 provin·

232 3006 273 3060 cie
288 3013 316 3062 et
326 3009 493 3077 praedicabat
504 3011 565 3076 illis,
577 3029 722 3081 sacrasque
734 3014 887 3082 Scripturas
903 3014 1048 3083 relegebat,
1059 3015 1212 3067 admoneus
1224 3014 1285 3068 illos
1303 3015 1337 3067 ad
1349 3019 1451 3068 aeterna

232 3109 334 3172 premia
344 3113 374 3162 et
382 3109 521 3164 scelestam
533 3113 650 3180 patriam
660 3113 825 3182 quantocius
833 3103 970 3167 festinare.
983 3113 1069 3166 Totus
1081 3114 1153 3167 enim
1163 3119 1221 3167 erat
1231 3113 1318 3167 dulcis
1327 3114 1450 3178 consilio,

233 3206 297 3258 totus
318 3212 429 3261 amatus
448 3208 566 3277 eloquio,
583 3210 680 3279 plenus
700 3210 800 3279 quippe
821 3210 922 3278 Spiritu
941 3215 1046 3277 sancto,
1064 3211 1172 3264 coeleste
1189 3227 1297 3279 semper
1314 3211 1450 3264 meditans

234 3318 300 3371 opus.

201 3408 222 3461 tt
269 3403 323 3461 11.
345 3405 462 3460 Peracto
478 3421 599 3474 namque
623 3406 741 3461 tirocinii
757 3408 884 3472 termino,
902 3425 949 3462 rex
969 3426 1063 3478 regum
1082 3403 1240 3471 ditissimus,
1258 3409 1291 3462 de
1310 3408 1448 3476 triumpho

235 3499 377 3571 disponens.
394 3503 532 3572 egregium
550 3503 664 3558 militem
678 3505 712 3558 de
725 3505 804 3559 larris
821 3507 856 3559 ad
873 3506 955 3559 coelos
977 3507 1103 3560 vocavit:
1123 3524 1205 3576 quem
1229 3507 1298 3560 iuter
1315 3505 1451 3575 angelicas

236 3600 351 3657 cabades
362 3603 390 3656 iu
402 3604 468 3657 sede
476 3604 706 3658 remunerationis
718 3605 863 3672 collocans,
871 3622 974 3659 corona
985 3623 1068 3675 quam
1081 3606 1256 3674 diligentibus
1268 3623 1297 3659 se
1309 3609 1451 3675 praeparat.

237 3705 305 3767 eaput
314 3701 375 3769 ejus
382 3701 571 3766 circumdedit,
579 3703 692 3771 praemia
703 3702 807 3757 scilicet
818 3705 972 3758 retribuens
983 3721 1046 3773 que
1057 3722 1108 3759 nec
1119 3705 1215 3758 oculus
1227 3704 1303 3768 vidit,
1316 3721 1366 3757 nec
1377 3703 1451 3756 auris

238 3799 337 3864 adivit,
348 3817 400 3855 nec
412 3801 441 3855 in
449 3818 498 3855 cor
509 3801 631 3855 hominis
642 3803 772 3855 ascendit.
784 3803 820 3855 At
831 3819 893 3856 cum
902 3803 959 3871 jam
970 3805 1003 3856 de
1012 3809 1101 3857 morte
1113 3805 1172 3872 ejus
1184 3808 1324 3866 tractatur,
1337 3804 1448 3872 dignum

203 3894 227 3950 'a
238 3902 270 3950 est
281 3903 310 3953 ut
319 3901 470 3955 sacerdotis
479 3906 507 3954 et
517 3901 607 3955 levitae
615 3901 796 3970 separationis
808 3902 925 3971 qualitas
938 3904 1072 3957 audiatur.
1084 3904 1185 3957 Videas
1194 3904 1267 3956 enim
1277 3901 1450 3956 beatissimus

239 3992 383 4054 humatus
394 4005 490 4054 sancto
503 4000 609 4070 praesuii
621 4000 718 4054 mortis
726 4002 860 4070 impetum
879 4001 1031 4064 imminere.
1043 4002 1248 4057 lacrimabiliter
1256 4002 1347 4055 aiebat
1359 4021 1365 4054 :
1384 4003 1450 4068 Quo,

237 4106 308 4164 trin,
316 4103 435 4168 spiritus
445 4117 474 4153 se
490 4103 564 4168 rapit
575 4104 590 4154 θ
602 4102 660 4167 Quo
671 4103 807 4168 sapientia
818 4119 973 4156 macrescere
989 4105 1120 4169 oafuqit?
1134 4104 1206 4168 Quiri
1217 4105 1315 4169 linquat
1326 4104 1451 4168 torpescit

240 4197 365 4252 mauros
376 4200 451 4265 Quid
467 4216 574 4252 sensum
591 4202 728 4268 intercipit
744 4202 896 4255 hebetudo?
914 4203 982 4266 Quia
995 4203 1158 4269 plebiculam
1175 4208 1250 4254 taam
1268 4204 1296 4254 ia
1315 4204 1369 4254 sita
1386 4203 1451 4267 fidei

240 4295 373 4351 solidabit?
390 4300 460 4364 Quis
476 4301 625 4352 cocinaria
642 4307 690 4353 tua
707 4302 796 4353 rirrdo
812 4303 965 4361 suauitatis
981 4302 1104 4367 ripabiti
1122 4302 1235 4354 Not-eris
1253 4319 1296 4355 ece
1313 4310 1381 4354 cette
1397 4303 1448 4354 cito

207 4387 325 4464 haupts·
332 4399 530 4464 detrimentum,
541 4400 568 4451 si
580 4405 631 4451 tuat
641 4400 792 4452 dilectionis
796 4401 970 4466 perdiderint
980 4403 1181 4453 nutrimentum.
1194 4400 1233 4453 dd
1241 4400 1299 4453 baec
1311 4400 1449 4469 piissimus

240 4498 309 4556 teter.
323 4495 478 4551 lacrimosis
490 4497 603 4552 vocibus
614 4498 662 4553 filii
675 4498 832 4566 condolens,
844 4500 992 4566 humiliter,
1005 4504 1035 4552 ut
1046 4516 1155 4568 semper
1166 4501 1282 4553 affuerat
1298 4501 1450 4563 sentiendo,
1549 4528 1551 4532 ·

241 4586 384 4660 hujusmodi
403 4595 539 4650 solamina
558 4596 702 4662 referebat,
722 4598 833 4652 dicens:
853 4600 924 4665 Noti,
939 4601 982 4665 fiti
998 4602 1146 4659 carissime.
1164 4603 1222 4654 noti
1239 4603 1271 4653 de
1287 4618 1343 4653 meo
1360 4602 1450 4666 tepere

241 4689 355 4761 tim,
366 4697 447 4760 cajus
453 4698 728 4766 protectopmaentio
743 4714 844 4765 parum
864 4701 993 4752 utilitatis
1009 4701 1128 4752 contulit.
1141 4700 1212 4764 Noli,
1224 4702 1345 4768 inquam,
1357 4701 1449 4752 iibido
