3270 5400
2 837 179 890 cadsubmu·

23 902 144 956 citantes.

206 327 277 398 114
539 349 666 399 carno.
693 350 797 401 cono.
823 349 1098 400 unuiounsrmo.

202 536 310 590 concite
319 537 353 590 sd
366 536 450 605 pedes
459 553 547 605 usque
557 554 665 592 versum
677 555 706 592 se
716 543 803 613 totum
812 538 886 606 jecit.
895 538 934 591 Ac
946 537 968 590 si
978 538 1044 607 quid
1057 538 1103 592 itto
1112 539 1220 607 fugiens
1229 540 1305 608 quod
1314 541 1437 611 arripere

204 633 352 698 moliretur,
364 652 394 689 se
407 641 495 690 totum
509 653 542 690 eo
555 637 708 698 transfudit,
720 637 813 691 dicens
831 657 836 690 :
859 639 911 690 Per
928 640 1048 690 animam
1061 655 1154 704 meam,
1168 640 1287 692 Domina
1304 641 1395 694 dubis
1411 650 1437 694 et

204 736 313 802 optima,
322 751 363 786 mc
371 736 496 788 derelicto
508 753 561 808 non
571 737 658 789 abibis
664 756 675 802 ;
688 740 768 789 inimo
779 738 878 805 absque
889 740 1080 790 retractatione
1090 740 1214 790 concedes
1225 739 1295 790 milti
1304 740 1356 791 tibi
1366 756 1436 793 oom-

203 850 299 885 meare.
311 833 351 886 De
362 833 407 886 his
418 833 531 903 singulis
549 840 696 903 presentes
707 836 818 897 turbati,
830 836 858 889 in
878 836 994 888 invicem
1014 836 1243 890 submussitaotes
1262 838 1285 901 *,
1302 853 1360 891 non
1372 854 1435 892 esse

203 929 290 998 ipsum
304 932 364 985 sani
377 931 473 1000 capitis
485 933 649 987 referebant.
659 933 737 1000 Quod
748 938 778 986 ut
788 934 954 1001 recognovit,
964 934 1031 986 duas
1040 949 1074 987 ex
1087 933 1127 987 eis
1138 934 1172 987 ad
1182 950 1211 986 se
1223 950 1334 998 vocans,
1343 934 1436 1004 digitis
1453 945 1468 992 t

201 1029 257 1082 suis
267 1029 404 1098 prioribus
416 1047 511 1084 earum
524 1032 614 1100 digitis
625 1031 740 1093 innexis,
751 1031 805 1085 ait:
818 1033 850 1086 Si
862 1050 951 1085 oerum
965 1040 1010 1098 est,
1024 1036 1105 1086 incasso
1116 1036 1182 1101 qnia
1195 1041 1240 1098 est,
1252 1036 1326 1102 qnod
1334 1036 1436 1102 dipitos

201 1137 301 1182 vestros
311 1132 439 1193 contineo,
449 1133 570 1199 qccodque
584 1133 676 1185 Patris
686 1140 709 1184 et
722 1132 792 1183 Filii
803 1139 827 1184 et
839 1133 961 1198 Spiritus
971 1135 1059 1185 sancti
1068 1150 1124 1184 sana
1133 1141 1156 1185 et
1170 1150 1233 1185 nera
1241 1140 1280 1186 est
1291 1135 1434 1196 diuinitas,

200 1229 240 1280 sic
250 1245 342 1280 certam
358 1236 396 1281 est
408 1231 479 1296 qnod
489 1231 558 1295 diei,
577 1231 649 1297 qttod
660 1233 739 1293 pessi,
758 1229 828 1281 nibil
843 1230 977 1293 falsitatis
988 1231 1133 1283 continens.
1151 1232 1196 1282 Ad
1212 1232 1293 1297 cnjus
1309 1233 1435 1285 veritatis

199 1328 379 1379 testimoniium
391 1329 627 1394 comprobandum,
637 1329 760 1380 videbitis
772 1330 843 1395 qnod
855 1330 1005 1394 interpelli
1016 1336 1124 1381 cantum
1133 1336 1157 1381 et
1167 1330 1290 1381 Primam
1300 1333 1435 1397 proxime

199 1426 255 1478 die-i
265 1426 298 1477 de
309 1442 420 1493 corpore
431 1434 577 1479 transeam.
597 1428 673 1492 Quod
685 1429 744 1479 licet
761 1430 799 1479 ita
812 1429 854 1485 sit,
866 1435 918 1479 toto
931 1434 1018 1479 tanna
1037 1445 1085 1479 sec
1101 1429 1332 1481 hebdomadarum
1344 1433 1436 1497 spatio
1455 1438 1486 1486 to

199 1524 330 1576 nobiscnm
344 1542 507 1592 qtcansqnam
518 1526 691 1577 tnrtntttttter
703 1542 822 1590 manens,
832 1542 899 1578 rara
908 1527 1058 1592 aliquando
1066 1528 1130 1578 distic
1139 1529 1195 1579 loco
1206 1529 1294 1580 abero.
1305 1529 1434 1595 Proinde,

198 1625 263 1690 qnia
277 1624 389 1675 Domini
398 1623 559 1676 nostridesn
575 1625 679 1676 Christi
690 1642 722 1676 nc
735 1625 856 1677 Dandae
864 1631 962 1677 anostra
972 1632 1069 1678 sancta
1082 1626 1133 1677 Dei
1146 1627 1295 1678 Genitricis
1305 1628 1433 1681 solemni·

197 1728 247 1784 tas,
260 1723 379 1775 viridiset
391 1723 550 1776 Natiuitatis
562 1724 682 1786 Dantini,
687 1725 748 1788 jam
765 1726 887 1775 corrrinns
900 1726 990 1781 iuuat,
1004 1727 1031 1775 in
1050 1725 1144 1791 cipilia
1158 1726 1246 1790 ipsius
1257 1728 1347 1779 omnis
1363 1728 1435 1779 mibi

197 1823 377 1873 corttrorersia
391 1825 586 1872 scritcntim‘um
598 1823 736 1874 bostitium
746 1823 917 1874 terminando
927 1824 1112 1874 extricabitnr.
1123 1824 1234 1875 Interim
1245 1841 1307 1877 cero
1321 1825 1436 1878 Domini

197 1921 256 1983 mei,
269 1923 357 1971 sasccti
368 1922 484 1986 apostoli
496 1921 614 1972 Jacotns
626 1928 649 1972 ct
660 1920 808 1984 Jairanncs,
818 1938 870 1973 stoa
883 1923 959 1986 lattpe
971 1922 1092 1985 aberunt,
1110 1923 1219 1987 benipnc
1231 1924 1330 1975 ttccrtdo
1341 1940 1434 1978 cortso
1453 1931 1484 1976 ta

196 2018 290 2081 tardes,
304 2036 335 2069 nc
344 2036 415 2085 pars
433 2021 640 2085 ncatipnantium
660 2021 724 2085 plns
735 2021 813 2082 jccsto
830 2021 869 2071 ccl
881 2022 1011 2086 disposito
1024 2021 1091 2071 attilii
1102 2022 1252 2073 calanutati
1264 2024 1300 2074 sit
1312 2024 1351 2075 cel
1363 2039 1432 2077 urn-

197 2132 294 2169 mnosa
303 2119 450 2182 pitantiarii.
460 2116 538 2183 Quod
552 2122 643 2169 autem
657 2116 804 2169 Dominam
822 2135 900 2171 suam
921 2134 950 2170 se
968 2117 1162 2171 comitaturum
1173 2118 1322 2185 juraverat,
1334 2124 1432 2173 contra

195 2230 303 2267 morem
316 2231 395 2267 sutum
407 2216 521 2278 iecerat;
534 2215 599 2283 quia
612 2216 665 2268 tale
677 2214 752 2283 quid,
763 2216 863 2281 jurare.
875 2215 902 2268 in
916 2232 966 2269 usu
979 2232 1034 2269 non
1044 2216 1286 2270 habebatlixinde
1299 2218 1432 2273 conlisae

194 2312 278 2365 dente
291 2333 297 2365 :
312 2315 534 2379 Obenipnissima
545 2318 672 2380 antistium,
685 2315 731 2376 etit,
743 2333 793 2368 cur
806 2334 845 2367 nie
862 2318 986 2368 deseris?
1003 2316 1078 2369 Licet
1092 2318 1162 2368 cuim
1174 2334 1220 2382 epo
1232 2318 1360 2371 tnrrtdlns
1377 2336 1431 2371 ser·

194 2414 281 2477 cuius,
294 2429 431 2465 serrorum
451 2422 558 2465 tumnm
572 2416 622 2466 sim
632 2422 794 2481 prostremus,
806 2422 835 2465 tn
853 2421 942 2467 tantan.
953 2423 1064 2482 propter
1076 2416 1241 2467 dulcedinem
1254 2416 1432 2482 benignitatis
1450 2423 1480 2473 lb

193 2517 279 2563 tanet
292 2515 468 2563 reverentiam
482 2515 629 2578 legatorum
641 2521 760 2577 tuormn,
773 2530 839 2580 piros
852 2515 919 2564 rrriici
935 2515 1085 2579 destinasti,
1096 2531 1150 2566 eron
1168 2515 1285 2567 debuisti
1302 2517 1375 2568 mibi
1391 2519 1431 2570 sic

192 2610 295 2673 fecisse.
311 2611 369 2663 Non
380 2615 449 2664 caim
461 2615 599 2678 fatebortc
608 2617 774 2681 promissum
788 2616 916 2681 implesse.
929 2615 980 2666 Sed
992 2617 1017 2665 si
1029 2617 1068 2665 sic
1076 2615 1220 2680 paradeum
1238 2615 1320 2667 babes
1336 2617 1371 2668 dc
1382 2633 1429 2679 me,

194 2706 252 2760 licet
264 2724 341 2774 aprc,
354 2714 437 2764 noctis
449 2713 533 2777 lardus
546 2714 769 2778 intercapedinem
788 2713 926 2778 stcffcrnm.

235 2804 294 2862 22.
315 2807 384 2860 Hinc
397 2807 490 2861 itidem
504 2807 612 2861 silentio
622 2808 824 2876 aliquantulum
836 2807 939 2865 habito,
949 2808 1061 2875 jamque
1073 2807 1108 2860 ad
1121 2794 1249 2861 occasum
1264 2809 1324 2863 sole
1336 2810 1428 2863 termi-

194 2919 260 2958 num
285 2905 346 2968 diei,
372 2905 475 2958 scilieet
498 2911 601 2973 quarta
628 2905 710 2968 leriae,
733 2905 927 2963 comminante,
953 2904 991 2957 sic
1015 2904 1165 2957 valitudine
1188 2905 1264 2958 omni
1291 2907 1429 2975 corporali
1446 2916 1475 2965 tt

193 3003 358 3067 destituitur,
371 3010 401 3057 ut
421 3005 580 3072 desperatus
598 3005 631 3057 de
649 3010 791 3072 stratuque
807 3006 951 3057 subntotus
970 3003 1029 3055 solo
1049 3009 1280 3071 prosterneretur;
1299 3005 1347 3058 ubi
1359 3022 1428 3075 pene

193 3102 298 3155 cunctis
311 3102 449 3170 expirasse
462 3103 613 3164 videbatur,
624 3107 655 3156 ut
667 3102 893 3172 compulsandnm
908 3102 932 3154 ei
945 3102 1004 3154 lore
1017 3101 1223 3155 arbitrarentur.
1238 3102 1373 3157 Adhibita
1382 3104 1427 3173 igi·

132 3201 136 3208 '
192 3205 237 3254 tur
246 3202 364 3270 pennula
373 3201 509 3270 plumaria
518 3201 617 3254 ostiolo
630 3201 732 3255 halitus
741 3200 831 3269 sagaci
844 3200 985 3261 industria,
998 3216 1140 3268 superesse
1152 3201 1242 3269 ipsum
1257 3203 1352 3256 adhue
1363 3202 1426 3257 vilse

192 3299 438 3368 deprehenderunt.
451 3300 518 3353 Cum
537 3306 629 3353 niuem
643 3301 681 3353 sic
700 3301 735 3354 ad
748 3299 927 3367 congelicium
941 3315 1027 3368 usque
1043 3299 1144 3352 ibidem
1158 3300 1348 3363 decumberet,
1360 3302 1427 3357 inita

193 3399 302 3452 tandem
316 3399 400 3453 babili
419 3399 618 3452 consultatione
631 3404 718 3452 stratu
736 3415 786 3451 suo
807 3404 986 3465 reposuerunt
1003 3415 1081 3458 eum;
1095 3397 1140 3451 ubi
1153 3398 1238 3451 etiam
1255 3399 1425 3468 aliquamdiu
1442 3407 1470 3457 td

191 3497 301 3566 loquela
313 3515 410 3551 carens
422 3505 488 3551 ertit.
501 3498 622 3551 Tandem
637 3499 670 3551 de
684 3497 849 3566 impactione
868 3495 963 3549 validae
981 3497 1147 3551 infirmitatis
1164 3496 1349 3553 animabatur.
1361 3499 1427 3567 Quae

191 3614 220 3650 se
233 3596 440 3651 circuiristarent
451 3598 687 3666 percunctabatur.
701 3597 779 3663 Quml
793 3601 822 3649 ut
835 3596 951 3655 rescivit,
969 3612 1065 3649 omnes
1083 3600 1179 3664 praeter
1192 3596 1234 3649 bis
1246 3596 1327 3651 trinas
1339 3598 1425 3652 elimi-

191 3695 276 3751 navit:
290 3696 447 3749 fatiscentes
460 3701 535 3748 artus
547 3696 631 3765 quieti
643 3697 748 3749 dandos
757 3695 857 3748 retulit.
866 3693 928 3760 Quo
942 3700 1003 3763 post
1014 3694 1153 3748 modicum
1165 3695 1368 3763 expergefacto,
1377 3712 1424 3766 pro

191 3795 364 3862 reparatione
376 3794 474 3847 virium
485 3795 587 3864 aliquid
599 3801 693 3864 ptistus
703 3794 821 3848 conferri
833 3792 885 3846 sibi
897 3794 1086 3861 suggerebant.
1099 3792 1205 3859 Quibus
1217 3812 1223 3845 :
1238 3794 1424 3864 Nequaquam,

190 3893 236 3956 alt,
249 3896 365 3946 alterins
385 3894 429 3945 itis
444 3896 549 3959 frisac,
561 3898 625 3962 quia
645 3912 690 3947 ricc
702 3897 761 3946 licet
779 3910 825 3945 nec
836 3896 923 3959 cupio.
937 3894 981 3944 Ad
999 3893 1114 3945 nildlum
1134 3895 1204 3945 enim
1222 3893 1292 3944 milri
1300 3895 1423 3959 proderit
1438 3900 1466 3951 sb

189 3993 255 4044 talis
270 3994 385 4057 rcfcctia,
395 3995 459 4045 datm
471 3996 592 4046 crastina
611 3995 655 4046 die
665 4002 780 4060 tempore
795 3993 934 4059 prelibata
948 4010 964 4043 a
977 4008 1088 4059 corpore
1100 3992 1199 4044 recedo.
1217 3991 1249 4044 tt
1266 3994 1422 4058 antemjnm

191 4093 318 4157 saperius
336 4100 477 4145 attestatus
494 4110 563 4151 stans,
577 4094 709 4145 nobiscnm
719 4100 780 4159 post
797 4092 897 4143 obitum
914 4093 1008 4142 arrirna
1023 4108 1080 4143 snm
1092 4090 1311 4143 commorabitur.
1326 4092 1421 4157 Quam·

191 4208 272 4258 qaam
284 4194 399 4260 dern‘que
412 4194 483 4245 rolris
497 4195 584 4245 rideri
596 4210 732 4260 nequeam,
744 4199 832 4243 tanna
846 4191 918 4242 cobis
929 4192 1081 4258 aliquantis
1092 4191 1204 4242 indiciis
1215 4192 1421 4244 evidentioribus

191 4293 247 4343 sice
264 4292 439 4357 uigilantibus
455 4294 510 4343 sinc
527 4292 717 4357 soporantibus
729 4290 871 4357 apparebo.

232 4386 292 4445 23.
310 4388 378 4440 Hinc
391 4387 518 4455 poculum
530 4391 558 4438 ut
574 4386 659 4454 petiit.
668 4386 762 4438 vinum
772 4386 846 4453 quod
857 4390 955 4454 prosto
967 4384 1018 4438 iuit
1028 4382 1140 4451 accepit.
1149 4383 1233 4449 Quo*
1246 4391 1419 4453 praegustans.
1433 4388 1510 4441 l:

191 4486 307 4541 dimovit
318 4503 334 4538 a
347 4502 375 4537 se
386 4485 478 4537 dicens
493 4484 586 4537 vinum
598 4500 709 4537 causam
723 4499 782 4536 esse
795 4483 967 4550 proditionis.
980 4481 1046 4536 lnde
1064 4495 1163 4548 aquam
1174 4479 1288 4547 petitam
1297 4480 1418 4551 degusta·

190 4590 302 4654 tamque
314 4602 330 4637 a
343 4599 372 4637 se
384 4584 491 4650 reJecit;
504 4583 598 4651 sicque
608 4583 702 4636 itidem
713 4587 799 4635 stratu
816 4598 866 4635 suo
880 4598 910 4634 se
922 4581 1052 4650 reposuit,
1062 4578 1154 4647 ibique
1162 4578 1201 4631 sic
1210 4576 1329 4647 [jac]ens
1337 4580 1417 4634 conti·

190 4686 254 4739 cuit.
275 4684 344 4736 Hinc
364 4683 427 4736 inde
444 4688 473 4736 ut
492 4683 568 4750 loqui
587 4682 683 4750 potuit,
701 4682 736 4734 ab
750 4681 806 4734 imo
824 4681 905 4750 longa
926 4679 1042 4748 suspiria
1062 4678 1175 4732 trahens
1197 4677 1240 4731 his
1259 4677 1351 4732 siebat
1370 4696 1377 4731 :
1396 4678 1417 4730 0
