3270 5400
198 318 271 393 130
533 341 660 394 cirac.
685 342 789 394 cono.
815 309 1097 395 na'erooasamc.

219 628 258 675 na
279 630 459 676 varnasona
479 631 667 677 mesauri
689 632 881 678 commori.
903 614 983 695 (Cir.
1004 633 1116 698 supra,
1138 635 1212 698 pag.
1236 616 1308 694 221,
1333 617 1408 700 170.)

292 809 424 883 Incipit
446 813 618 885 prologus
643 814 681 872 in
705 812 786 872 vita
809 813 996 886 aarum
1021 814 1169 875 ineiusae
1193 814 1335 877 nomine

700 914 931 983 Maureta.

229 1102 401 1174 Quicumque
417 1101 536 1157 voluerit
552 1102 635 1156 isium
653 1102 753 1157 librum
771 1101 869 1171 legere,
881 1101 957 1170 prius
973 1100 1003 1155 in
1014 1101 1096 1155 corde
1107 1118 1160 1156 suo
1172 1107 1274 1158 statuat
1284 1107 1361 1174 quod
1372 1107 1430 1163 [leo

194 1201 264 1257 nihil
275 1207 318 1257 eet
334 1202 511 1273 impossibile,
523 1202 587 1271 quia
604 1202 661 1271 ipse
680 1205 723 1256 esi
734 1201 910 1271 omnipotens
921 1220 928 1255 ε
940 1205 968 1255 ei
979 1200 1096 1255 tirmiter
1107 1202 1181 1257 istud
1198 1205 1300 1269 credat,
1318 1212 1347 1260 et
1364 1207 1431 1262 illud

195 1301 381 1371 evangelicum
393 1301 553 1355 memoriter
562 1305 668 1355 teneat:
687 1303 698 1326 ⁸
708 1301 809 1356 Omnia
820 1300 961 1370 possibilia
972 1304 1035 1354 sunt
1047 1302 1176 1355 credenti.
1187 1344 1199 1368 ,
1212 1303 1240 1356 Si
1252 1320 1320 1359 vero
1330 1305 1431 1362 dixerit
1445 1318 1472 1368 ε

194 1397 256 1466 quis
268 1417 275 1452 ε
287 1400 348 1452 Non
361 1400 481 1464 intelliqo
498 1415 556 1467 qun
571 1400 616 1452 bic
631 1374 734 1467 scriptu
746 1406 818 1464 aunt,
832 1406 946 1467 propter
962 1400 1012 1453 lroc
1027 1401 1130 1466 frivola
1146 1409 1211 1454 eunt
1228 1411 1252 1456 et
1269 1422 1341 1457 oona
1358 1414 1382 1459 et
1399 1424 1431 1460 eo

194 1506 289 1566 reputo
309 1498 380 1551 nihil
396 1515 471 1562 ουκ
488 1497 656 1566 quicumque
675 1496 757 1551 luerit
776 1497 829 1562 ille,
846 1497 1031 1565 reprehendat
1045 1514 1076 1552 se
1093 1514 1175 1567 super
1192 1501 1315 1556 caecitate
1335 1519 1387 1558 sua
1404 1508 1432 1560 et

195 1597 268 1653 dicat
280 1617 286 1651 :
298 1598 419 1666 linguam
428 1613 543 1665 graecam
557 1597 653 1650 eadem
664 1597 770 1651 ratione
782 1601 810 1650 et
826 1595 973 1650 sclavicam
985 1601 1013 1650 et
1029 1597 1187 1652 hebraicam
1201 1574 1271 1653 nihii
1283 1617 1353 1666 esse,
1365 1603 1431 1672 quia

195 1713 252 1752 non
268 1696 395 1765 inteiligit
405 1696 599 1765 proferentem.
610 1695 714 1775 'lJaliter
731 1695 805 1749 enim
822 1711 852 1750 se
870 1711 1003 1750 excusans
1014 1712 1070 1750 uon
1087 1694 1152 1766 legit
1170 1677 1326 1767 apostolum
1340 1701 1432 1758 dicen·

195 1801 250 1851 tem
270 1815 276 1850 :
296 1798 307 1821 ⁸
328 1795 480 1849 Divisioues
497 1795 645 1864 gratiarum
662 1799 759 1860 suut,
779 1773 832 1847 Sed
850 1794 1016 1864 quicumque
1033 1795 1129 1863 legerit
1146 1795 1220 1852 huuc
1239 1797 1351 1864 librum,
1368 1807 1433 1872 agai
1467 1826 1472 1843 ·

194 1895 295 1966 gratiae
309 1895 365 1949 Deo
377 1894 513 1948 bonorum
526 1894 651 1948 omnium
670 1892 791 1962 largitori
807 1898 835 1947 et
852 1892 945 1948 laudet
962 1909 1026 1948 eum
1044 1893 1072 1947 iu
1090 1894 1150 1959 iste,
1162 1895 1210 1965 qui
1222 1895 1281 1951 haec
1299 1898 1433 1956 interiora

194 1995 327 2051 miracula
338 1995 366 2048 in
378 2010 410 2048 ea
419 1993 527 2062 operari
543 1992 642 2047 nostris
654 1992 824 2061 temporibus
836 1997 877 2046 est
887 1992 1021 2062 dignatus.
1035 1993 1139 2047 idcirco
1150 2010 1206 2048 non
1218 2011 1328 2051 memus
1340 1999 1433 2055 detra·

194 2094 320 2150 hentium
333 2097 438 2148 tantum
451 2091 639 2155 formidantes,
650 2092 699 2145 sed
710 2108 806 2146 cursus
818 2091 1018 2160 proficientium
1033 2093 1125 2163 potius
1135 2093 1290 2162 dirigentes,
1303 2096 1333 2150 in
1343 2115 1433 2166 quan.

193 2199 252 2249 ium
268 2192 324 2247 mei
336 2191 464 2261 ingenioli
479 2191 612 2260 exiguitas
623 2190 764 2261 permittit,
774 2190 858 2245 vitam
872 2191 1015 2258 cujusdam
1029 2192 1141 2247 inclusae
1152 2193 1233 2247 boare
1250 2198 1433 2254 memoriaain

193 2293 316 2348 medium
333 2291 525 2360 producamus.
543 2289 585 2343 rid
604 2290 683 2357 cujus
702 2289 859 2360 exemplum
880 2306 931 2356 nos
949 2290 1064 2344 firmiter
1081 2296 1196 2357 stemus,
1212 2309 1247 2347 ne
1268 2302 1432 2352 corruentes

192 2391 330 2453 deorsum,
348 2393 426 2442 terrm
442 2403 492 2457 per
510 2403 634 2441 amorem
654 2386 848 2456 temporalium
866 2387 1033 2443 adhaerendo
1050 2388 1268 2458 coinquinemur.
1286 2391 1331 2446 Ad
1352 2396 1432 2462 cuim

192 2489 293 2545 mentis
309 2488 455 2558 puritatem
468 2486 605 2555 nosipsos
622 2491 768 2555 tergamus,
785 2502 820 2540 ne
831 2486 954 2541 inanium
968 2485 1165 2557 cogitationum
1178 2493 1301 2544 mentem
1319 2493 1356 2546 ad
1375 2493 1432 2549 ima

192 2587 386 2644 declinantium
400 2586 512 2656 pulvere
523 2584 722 2640 sordescamus.
734 2585 777 2640 Ad
789 2585 868 2654 cujus
881 2585 1010 2640 intuitum
1028 2586 1213 2656 nosmetipsos
1231 2588 1378 2645 videamus
1396 2609 1431 2648 ne

192 2687 227 2741 ad
239 2685 331 2740 inania
342 2683 434 2738 studia
442 2681 602 2738 intentionis
613 2682 723 2737 oculum
742 2683 876 2738 curiosius
893 2683 1043 2739 flectamus.
1061 2685 1093 2739 ln
1111 2685 1205 2740 multis
1214 2688 1431 2746 sanctisuostris

190 2784 361 2855 temporibus
378 2799 427 2851 per
444 2781 579 2836 exteriora
600 2782 732 2836 miracula
751 2786 793 2835 est
810 2781 944 2836 Dominus
959 2782 1133 2852 glorificatas,
1152 2786 1236 2840 modo
1254 2791 1351 2843 autem
1372 2791 1437 2846 vult

190 2902 270 2941 suam
282 2883 397 2955 gloriam
410 2881 532 2936 revelare
543 2896 592 2950 per
603 2879 733 2934 interiora
744 2880 879 2936 miracula
887 2897 949 2952 qaue
958 2881 1072 2938 interius
1083 2889 1229 2954 operatur:
1239 2885 1290 2956 ipsi
1299 2889 1390 2958 gloria
1398 2892 1431 2959 in

190 2983 290 3040 secula
307 2982 406 3036 Amen.
423 2975 580 3050 Explicit
601 2979 783 3050 prologus,

293 3181 425 3255 Incipit
445 3183 526 3242 vita
546 3184 685 3243 mmm
706 3185 936 3255 margaretae
955 3184 1143 3258 cuiusdam
1163 3185 1330 3250 moinum.

220 3374 285 3428 Fuit
296 3373 323 3427 iu
335 3373 447 3427 ciuitate
458 3373 648 3442 Partenopolis
667 3373 795 3443 quaedam
813 3390 931 3443 persona
948 3375 1062 3430 nomine
1079 3375 1231 3447 Margareta
1247 3395 1335 3448 quam
1353 3383 1422 3438 [leue

187 3472 238 3528 sibi
251 3472 406 3543 specialiter
418 3472 562 3542 praeelegit,
573 3489 637 3527 cum
647 3489 703 3526 uon
715 3477 787 3526 esset
797 3473 886 3527 atatis
895 3473 977 3528 unius
986 3473 1060 3538 anui,
1072 3475 1150 3544 cujus
1162 3476 1306 3533 electionis
1317 3481 1421 3551 signum
1434 3488 1470 3542 iti

188 3572 239 3627 luit
249 3573 314 3641 quia
328 3572 356 3627 in
368 3572 465 3626 eadem
478 3577 559 3626 estate
573 3588 634 3626 eam
648 3573 676 3626 in
687 3571 820 3626 membris
833 3574 890 3627 suis
901 3572 1086 3628 mortillcarit
1098 3574 1172 3628 Fecit
1183 3580 1278 3631 autem
1292 3579 1421 3636 Dominus

186 3670 316 3742 sicut'qui
326 3671 476 3740 pretiosum
489 3671 651 3725 thesaurum
665 3671 723 3725 uuit
735 3671 905 3726 abscondere
916 3671 944 3725 in
956 3689 1037 3726 sacco
1055 3673 1102 3728 rili
1113 3678 1144 3728 ui
1155 3675 1281 3730 securius
1291 3685 1421 3736 senetur.

186 3772 319 3827 Praedicta
331 3772 442 3842 quidem
461 3788 577 3842 persona
594 3771 728 3841 quidquid
738 3772 769 3833 in
786 3772 902 3842 pueritia
920 3772 1024 3842 puerile
1041 3773 1097 3843 egit
1112 3790 1268 3846 numquam
1286 3779 1422 3836 malitiose

187 3871 265 3933 iecit;
287 3872 366 3935 Deus,
379 3871 426 3940 qui
438 3886 500 3924 earn
512 3870 640 3939 elegerat,
652 3871 685 3924 de
698 3871 851 3926 hereditate
864 3888 948 3942 quam
965 3871 1077 3926 sibimet
1094 3873 1215 3944 elegerat
1232 3875 1262 3930 in
1279 3878 1368 3944 terris,
1385 3879 1422 3935 iili

188 3971 282 4025 tribuit
294 3970 474 4025 abundanter.
487 3969 546 4024 Hoc
558 3969 610 4024 luit
621 3986 709 4037 rroena,
721 3970 839 4038 abjectio
852 3975 880 4024 ei
891 3976 1047 4041 paupertas.
1065 3971 1215 4042 Postquam
1232 3974 1280 4029 illa
1296 3980 1423 4045 pervenit
1435 3985 1465 4039 io

186 4071 221 4126 ad
234 4087 322 4124 annos
335 4068 507 4124 discretionis
516 4072 543 4122 et
551 4069 680 4137 cognovit
691 4068 763 4122 hanc
772 4069 954 4123 hereditatem
965 4069 1123 4138 pretiosam,
1133 4071 1221 4140 ipsam
1230 4089 1315 4143 super
1323 4092 1421 4134 aurum

187 4174 214 4224 et
231 4169 358 4238 topazion
375 4167 522 4221 adamarit
540 4167 657 4221 Tantam
675 4183 794 4236 namque
806 4167 904 4222 habuit
920 4168 1114 4238 gratitudinem
1132 4171 1168 4223 ad
1179 4171 1268 4226 Deum
1286 4189 1320 4228 ex
1339 4175 1422 4246 hujus

186 4268 348 4323 hereditatis
366 4266 521 4329 collatione,
533 4266 607 4335 quod
625 4280 673 4320 cor
690 4272 798 4335 portare
817 4283 969 4337 numquam
987 4268 1076 4337 potuit
1092 4273 1121 4322 ot
1138 4269 1184 4323 vix
1200 4270 1253 4324 sub
1271 4272 1320 4327 lali
1339 4291 1423 4333 onere

186 4368 327 4437 respirare.
347 4366 375 4420 Si
393 4382 455 4420 eam
476 4367 505 4421 in
529 4371 606 4420 utero
626 4365 831 4429 sanctificasset,
851 4381 908 4420 non
931 4381 964 4420 ex
986 4367 1040 4421 hoc
1060 4367 1194 4434 majorem
1224 4370 1421 4439 gratitudinem

186 4466 334 4520 habuisset
344 4464 429 4519 Mater
438 4465 497 4533 ejus
509 4464 606 4518 habuit
615 4464 643 4518 iu
652 4464 736 4518 domo
746 4464 939 4534 pauperculam
954 4466 1104 4536 quamdam
1113 4482 1222 4522 cacam.
1231 4467 1301 4524 Cain
1311 4470 1421 4528 iilaisia
1436 4481 1464 4533 tt

186 4564 294 4618 solebat
305 4563 447 4618 ecclesium
461 4563 642 4631 frequentare.
656 4563 709 4617 ista
726 4568 867 4617 contracta
887 4579 989 4619 caecam
1011 4564 1096 4628 duxit,
1114 4582 1187 4620 caeca
1206 4571 1300 4623 autem
1313 4576 1420 4626 conua-

187 4666 260 4716 ctam
273 4662 443 4716 sustentavit.

628 4783 975 4815 a
