3338 5394
294 321 367 395 336
630 342 756 393 caran.
782 341 888 395 conn.
913 340 1192 394 aaaroonarnrc.

292 533 381 588 sancti
392 533 508 587 Andreae
527 533 624 587 claruit
641 533 667 586 in
687 532 842 586 elevatione
858 532 1025 587 sanctissimi
1045 532 1176 601 corporis,
1197 532 1314 587 ostensis
1334 535 1375 586 tot
1395 530 1528 586 divinitus

292 633 418 702 gloriosis
430 633 577 687 miraculis.

333 731 368 787 4.
392 732 477 786 Beata
500 732 581 800 igitur
595 731 700 785 Helena
720 730 850 800 primates
867 732 1078 801 sacerdotesque
1097 735 1124 786 et
1140 731 1281 785 ministros
1298 729 1474 785 ecclesiarum
1491 746 1525 784 ac

291 831 407 901 populos
416 830 526 884 Achaiae
539 830 675 884 indelessa
688 829 794 899 rogavit
805 846 894 900 prece,
906 835 937 884 ut
946 847 1031 885 causa
1042 830 1131 885 cultus
1143 830 1264 885 nominis
1273 830 1321 884 Dei
1335 828 1485 899 ampliandi
1496 827 1525 882 iu

290 930 414 1001 partibus
425 929 543 993 Graeciae,
561 929 596 982 ad
608 928 774 984 visitandum
793 929 880 985 sancti
898 930 1015 983 Andreae
1032 929 1223 998 patrocinium,
1240 928 1269 982 in
1286 927 1524 997 Constantinopoli
1541 935 1556 985 t

289 1029 400 1086 civitate
420 1029 543 1096 eiusdem
566 1029 654 1083 sancti
678 1028 849 1085 venerabiles
871 1029 1043 1084 deterrentur
1062 1030 1194 1099 reliquiae.
1220 1029 1322 1091 Oravit¹
1342 1028 1525 1096 impetrarit:

290 1143 380 1196 neque
398 1127 439 1180 sas
460 1131 518 1180 erat
536 1126 593 1180 eia
614 1126 731 1181 subditis
751 1127 898 1197 quicquam
920 1127 1022 1197 negari.
1041 1127 1159 1183 Dimisso
1180 1132 1272 1182 autem
1293 1128 1439 1197 sepulchro
1460 1143 1523 1181 cum

265 1295 267 1299 Ι
289 1230 386 1280 sancto
397 1227 530 1294 sanguine
541 1226 570 1279 in
582 1224 693 1294 regione
705 1225 826 1289 Achaiae,
843 1243 877 1281 ne
896 1226 1017 1281 totaliter
1031 1226 1074 1280 sui
1092 1226 1177 1297 patris
1189 1231 1218 1281 et
1232 1227 1341 1297 patroni
1352 1226 1525 1295 privarentur

288 1324 425 1393 suffragiis
437 1318 545 1387 incoloe;
557 1323 722 1378 venerabilis
735 1324 828 1393 regina
842 1326 1013 1379 venerandas
1028 1327 1151 1395 corporis
1163 1325 1250 1380 sancti
1263 1324 1391 1395 reliquias
1403 1324 1523 1394 pretioso

289 1429 316 1480 et
328 1424 427 1492 insigni
442 1424 533 1478 loculo
552 1425 704 1480 honorilice
721 1426 870 1480 collocatas
887 1426 1028 1481 transtulit
1044 1427 1073 1481 in
1092 1425 1358 1494 Constantinopolim
1376 1424 1524 1488 civitatem,
1541 1427 1573 1478 co

289 1525 425 1594 egregiam
438 1525 576 1579 adducens
588 1524 689 1594 populo
698 1524 820 1579 fidelium
833 1525 989 1580 salutemet
1000 1524 1062 1579 vitae
1074 1524 1206 1579 laetitiam,
1215 1524 1371 1578 Adductum
1382 1528 1475 1577 autern
1487 1522 1523 1577 ad

288 1625 363 1680 hunc
375 1625 467 1680 locum
481 1629 563 1679 tantae
580 1623 720 1693 dignitatis
737 1624 893 1694 apostolum
912 1626 974 1694 pius
992 1641 1039 1679 rex
1056 1641 1150 1692 regum
1167 1625 1246 1679 lesus
1264 1623 1358 1678 multis
1374 1622 1523 1677 virtutibus

288 1724 481 1780 honorificarit
493 1725 633 1793 signorum
644 1744 650 1778 :
660 1726 880 1795 personabatque
897 1725 958 1780 laus
969 1724 1088 1780 altisona
1098 1725 1224 1794 jugitara
1235 1723 1340 1778 cunctis
1352 1723 1381 1777 iu
1392 1723 1522 1789 nubibus,

288 1823 388 1879 Graecis
396 1841 452 1893 proe
464 1824 549 1878 nimia
560 1824 656 1878 laetitia
668 1825 814 1880 Dominum
825 1824 925 1879 devote
935 1824 1119 1888 laudantibus,
1129 1829 1157 1878 et
1167 1828 1262 1878 sancto
1272 1822 1396 1893 apostolo
1404 1822 1521 1877 Andrean

286 1922 423 1992 frequenti
432 1923 513 1977 laude
525 1922 712 1993 psallentibus.
724 1922 887 1991 imperatrix
900 1939 965 1977 vero
978 1924 1092 1993 praelata
1106 1927 1201 1976 sancto
1213 1922 1262 1976 Dei
1273 1921 1414 1976 basilicam
1424 1920 1521 1990 insigni
1539 1920 1572 1970 ttl

287 2036 370 2089 opere
382 2021 516 2075 artificum
527 2022 619 2075 studio
628 2022 785 2075 decoratam
796 2021 949 2075 construxit
958 2024 986 2074 st
994 2024 1103 2074 sanctas
1110 2019 1137 2074 in
1148 2036 1181 2073 ea
1189 2019 1319 2089 reliquias
1327 2018 1522 2074 honestissime

286 2117 433 2182 collocans,
456 2121 696 2189 congregationem
718 2121 842 2175 fidelium
865 2121 924 2174 Deo
941 2118 1118 2175 servientium
1140 2135 1240 2189 magno
1264 2121 1395 2187 apparatu
1415 2117 1522 2186 ineius

286 2217 450 2272 memoriam
469 2220 573 2274 statuit.
591 2220 790 2275 Consummata
801 2224 895 2274 autem
908 2219 967 2273 haec
980 2218 1093 2273 basilica
1112 2218 1140 2272 in
1158 2216 1337 2272 translatione
1353 2216 1441 2271 sancti
1458 2233 1523 2287 apo·

286 2315 357 2375 stoli.
369 2315 435 2370 anni
447 2316 619 2372 revolutione
639 2333 758 2381 recursa,
777 2334 793 2370 a
805 2315 900 2372 multis
911 2316 1060 2386 provinciae
1073 2316 1230 2371 Graecorum
1248 2314 1424 2384 pontificibus
1441 2315 1522 2383 digne

286 2413 390 2469 exstitit
398 2416 518 2470 Domino
530 2421 698 2471 consecrata.
1536 2413 1571 2466 2⁰

326 2512 362 2570 5.
385 2512 527 2567 Gloriosus
539 2514 622 2579 igitur
635 2512 747 2567 Domini
759 2512 901 2582 apostolus
912 2512 1037 2567 Andreas
1054 2511 1083 2566 in
1096 2512 1155 2581 ipsa
1173 2511 1288 2566 ecclesia
1304 2511 1392 2565 beatoe
1409 2510 1521 2565 Helena

285 2611 415 2666 instantia
429 2616 456 2665 et
466 2611 614 2665 devotione
631 2610 744 2680 positus,
756 2610 792 2665 ab
804 2609 940 2664 universis
958 2608 1085 2663 fidelibus
1098 2609 1204 2664 bonore
1221 2608 1344 2663 maximo
1363 2612 1520 2672 veneratam

284 2711 332 2779 qui
343 2708 430 2780 gratia
439 2709 488 2763 Dei
500 2709 696 2778 egrotantibus
708 2710 786 2763 varia
798 2709 947 2763 sanitatum
959 2708 1093 2763 beneficia
1103 2707 1260 2778 frequenter
1270 2707 1390 2777 largitur.
1399 2707 1521 2762 ltortuos

284 2822 405 2875 namque
425 2806 527 2860 ibidem
545 2810 656 2860 sanctus
675 2806 710 2860 ad
730 2805 816 2859 vitam
837 2805 1058 2875 frequentissime
1077 2811 1197 2870 revocat,
1217 2821 1363 2875 oppressos
1385 2805 1421 2859 ab
1443 2802 1521 2859 omni

283 2905 408 2975 augustia
420 2904 526 2967 liberat,
544 2904 666 2959 maxima
686 2904 714 2958 in
732 2905 856 2975 pluribus
876 2903 1013 2959 mirabilia
1033 2905 1213 2959 demonstrat.
1231 2904 1393 2975 Quicunque
1410 2904 1484 2958 enim
1502 2920 1519 2957 a
1535 2908 1570 2961 at

283 3007 378 3058 sancto
396 3002 448 3057 Dei
459 3019 523 3056 cum
535 3002 589 3056 flde
607 3003 721 3072 aliquod
737 3002 826 3074 poscit
843 3001 1017 3067 beneficium,
1026 3006 1193 3072 cooperante
1208 3002 1336 3067 Domino,
1345 2999 1522 3070 consequitur

283 3102 380 3157 salutis
392 3104 530 3157 ellectum.
539 3102 594 3156 Nos
606 3106 698 3156 autem
712 3100 799 3156 sancti
812 3101 934 3156 colentes
945 3100 1109 3155 memoriam
1119 3105 1230 3154 sauctus
1237 3099 1287 3154 Dei
1296 3099 1402 3154 amicus
1410 3102 1519 3169 aposto·

283 3199 326 3255 lus
343 3200 468 3254 Andreas
485 3199 542 3253 suis
560 3199 665 3253 meritis
685 3198 812 3268 dignetur
831 3198 971 3267 adjuvare,
983 3202 1014 3252 ut
1025 3197 1060 3251 ad
1078 3202 1209 3252 aetemam
1230 3197 1345 3267 gloriam
1362 3214 1521 3253 mereamur

283 3298 399 3354 feliciter
410 3299 565 3369 pervenire3
574 3298 649 3367 quod
662 3297 719 3368 ipse
731 3297 812 3352 nobis
823 3314 874 3352 sua
886 3296 1076 3353 misericordia
1088 3302 1116 3352 et
1127 3297 1229 3367 pietate
1238 3297 1378 3363 concedat,
1390 3297 1438 3366 qui
1450 3297 1520 3353 vivit

283 3401 313 3452 et
321 3403 418 3468 regnat
429 3399 502 3453 Deus
514 3413 563 3466 per
575 3396 668 3451 omnia
681 3396 774 3451 secula
785 3396 950 3452 seculorum.
960 3397 1058 3451 Amen.
1536 3401 1568 3455 30

536 3858 609 3947 GL.
639 3857 764 3946 codex
791 3859 978 3970 signatus
1004 3877 1047 3946 no
1073 3859 1272 3949 9398-99.

314 4102 455 4158 l'oliorurn
475 4103 531 4167 ¹38,
543 4103 640 4158 forma
652 4101 750 4156 mediae
763 4102 870 4169 (οῡ,ὣᾶ
884 4111 909 4160 ><
924 4103 993 4171 aa),
1004 4102 1077 4157 binis
1095 4103 1239 4167 columnis,
1251 4102 1330 4157 lineis
1341 4101 1412 4171 stylo
1429 4101 1519 4156 lerreo

281 4202 379 4266 ductis,
389 4219 443 4257 sec.
455 4202 504 4256 xtl
516 4206 653 4256 exaratus.
663 4200 746 4255 Tituli
757 4218 789 4255 ac
798 4201 895 4257 litterae
903 4203 1025 4270 maj0res
1033 4202 1120 4257 ruinio
1130 4201 1274 4271 descripta.
1280 4202 1321 4256 Ex
1329 4201 1415 4256 titulis
1424 4205 1518 4256 umen

281 4318 339 4356 nm
348 4301 429 4371 pauci
440 4301 540 4368 injuria
552 4305 710 4369 temporum
722 4300 780 4354 iere
792 4300 883 4354 deleti.
895 4301 935 4355 Ex
946 4301 1044 4356 litteris
1056 4301 1086 4356 L.
1095 4301 1125 4355 L.
1135 4300 1182 4355 iol.
1192 4302 1217 4355 1r
1226 4300 1364 4370 inscriptis
1372 4299 1519 4354 innotescit

281 4401 406 4456 codicem
418 4400 485 4455 olim
494 4400 579 4454 luisse
591 4399 618 4454 S.
631 4399 769 4455 Laurentii
782 4415 868 4469 prope
880 4399 1023 4455 Leodium.
1035 4401 1067 4455 ln
1078 4400 1138 4455 cod.
1147 4400 1305 4455 continetur
1315 4416 1385 4469 opus
1394 4398 1518 4455 Cassiani

284 4502 324 4554 De
345 4503 513 4554 institutione
532 4501 720 4566 coerrobtorum,
732 4515 820 4568 eaque
843 4500 1072 4555 documentorum
1093 4498 1186 4565 series,
1208 4516 1271 4569 quar
1287 4499 1316 4554 in
1332 4499 1422 4554 luceru
1442 4498 1519 4554 dedit

284 4598 314 4653 P.
333 4598 513 4668 RosweyduS,
534 4597 690 4668 quibusque
710 4597 880 4652 illustrantur
891 4598 948 4653 vita
965 4615 997 4652 ac
1017 4614 1109 4653 morea
1129 4601 1288 4653 sanctorum
1307 4602 1418 4668 patrum
1429 4597 1478 4668 qui
1489 4597 1518 4652 in

285 4713 379 4753 eremo
391 4698 449 4753 Deo
461 4697 625 4753 servierunt.
634 4698 665 4752 In
677 4697 768 4767 specie
778 4697 922 4768 sequentia
931 4698 1054 4752 notanda
1064 4702 1142 4753 sunt:
