3270 5400
310 391 399 444 BIBL.
417 390 500 443 ΗΒΕ.
517 389 692 443 Bnuxutn.
710 412 757 422 -
775 390 1085 443 herennianum).
1103 382 1143 443 ΝΟ
1160 391 1284 445 tuot-⁴8.
1366 373 1413 445 89

217 585 303 641 ndum.
312 581 363 637 Alii
375 580 533 650 pendebant
543 595 592 648 per
600 579 692 649 pedes,
701 579 748 633 alii
760 596 809 650 per
818 580 983 644 mauris,alii
993 597 1041 650 per
1053 597 1143 646 aures,
1154 582 1201 636 alii
1224 599 1273 652 per
1294 582 1415 645 brachia,

218 683 252 738 clii
260 698 298 752 per
306 681 416 750 linguas
429 680 464 733 Et
473 684 571 749 postea
584 678 653 732 vidit
663 678 804 733 fornacem
816 679 958 733 ardentem
970 695 1019 749 per
1029 685 1135 749 septem
1151 681 1278 736 flammas
1289 681 1316 736 in
1328 682 1416 736 diver·

219 783 247 837 sis
263 780 396 843 caloribus3
415 783 444 833 et
464 783 569 848 septem
591 777 677 847 plagae
698 783 777 832 erant
796 778 825 832 in
846 777 963 833 circuitu
983 779 1118 834 fornacis:
1139 780 1227 849 prima
1246 781 1346 835 ardens
1361 783 1416 849 pix,

219 879 311 935 munda
320 878 425 948 glacies,
436 877 519 932 tertia
527 892 594 931 vero
606 876 729 947 sulphur,
738 883 836 947 quarta
847 877 966 948 sanguis,
974 879 1071 947 quinta
1078 884 1226 948 serpentes,
1234 885 1312 934 sexta
1319 881 1416 949 fulgur,

199 978 399 1049 treptinaioetor.
411 977 512 1031 Postea
520 976 590 1030 vidit
598 976 667 1030 alios
675 977 780 1040 tientes,
792 976 861 1030 alios
869 981 1018 1045 gementes,
1027 977 1097 1031 alios
1104 978 1239 1032 ardentes.
1250 979 1284 1032 Et
1292 983 1417 1049 quaerunt

222 1077 381 1133 etdesiderant
391 1081 520 1136 mortem.
533 1081 561 1130 et
571 1092 628 1130 non
641 1075 796 1140 inveniunt;
809 1082 837 1131 ct
848 1076 1005 1131 clamabant
1021 1081 1050 1131 et
1060 1076 1202 1132 dicebant:
1215 1080 1272 1133 Nos
1282 1097 1377 1133 sumus
1387 1083 1416 1133 s'n

222 1179 292 1231 brein
301 1193 346 1245 quo
355 1184 393 1230 est
404 1179 522 1230 tristitia
531 1179 591 1230 siae
607 1178 709 1242 letitia,
720 1178 750 1229 in
770 1183 872 1243 quaest
884 1177 962 1230 dolor
972 1179 1159 1245 sempiternus,
1170 1179 1200 1229 in
1217 1195 1270 1246 quo
1286 1185 1324 1232 est
1335 1179 1418 1231 ubun-
1469 1220 1473 1227 .

223 1276 295 1328 dontio
303 1277 476 1329 lacrimarum
483 1283 596 1343 propter
603 1277 755 1328 mactatum
767 1277 933 1328 animarum.

253 1374 280 1432 ὅ.
296 1374 322 1428 lu
335 1374 460 1428 hocloco
478 1373 546 1427 vidit
563 1373 682 1427 Lazarus
699 1378 788 1428 rotam
809 1373 918 1442 igneam
937 1374 1087 1428 habentem
1104 1375 1180 1428 mille
1196 1375 1326 1430 ctrcuitus
1342 1375 1418 1430 mille

191 1482 214 1532 tt
225 1471 303 1526 vicibus
312 1487 362 1526 una
378 1470 458 1524 hora
470 1471 512 1535 Et,
532 1486 662 1538 percussa
674 1474 735 1524 rota
746 1470 782 1524 ab
795 1471 894 1539 angelo
909 1475 1038 1538 tnrtmeo,
1051 1472 1078 1526 in
1095 1488 1262 1543 unaquaque
1272 1473 1332 1528 vice
1343 1473 1418 1528 mille

225 1569 298 1623 anima
306 1569 501 1624 cremabantur.
513 1568 613 1622 Postea
624 1567 693 1622 vidit
703 1569 807 1622 tlumen
818 1568 950 1623 horribile
962 1570 991 1624 in
1008 1586 1064 1639 quo
1076 1575 1153 1625 erant
1165 1571 1259 1625 heatior
1268 1572 1418 1635 diabolica,

226 1668 284 1735 qnasi
292 1669 367 1738 pisces
377 1668 407 1723 in
418 1668 513 1722 medio
524 1667 623 1731 maris;
633 1668 681 1737 qui
690 1668 797 1721 animas
809 1673 985 1736 peecatorum
998 1669 1168 1724 devorabant
1179 1671 1237 1724 sine
1249 1671 1304 1724 ulla
1315 1671 1419 1726 miseri·

227 1767 301 1829 cordia
313 1767 377 1822 sicut
392 1766 450 1838 lupi
467 1768 602 1821 devorant
618 1783 692 1822 oves.
710 1766 810 1821 Postea
826 1767 895 1821 vidit
911 1767 1012 1822 multas
1029 1768 1136 1823 animas
1152 1769 1310 1824 submersas
1328 1771 1355 1824 in
1372 1770 1419 1825 illo

227 1863 400 1921 tuniuezalias
411 1867 548 1936 usquead
564 1866 645 1930 labia,
662 1866 731 1921 alias
748 1882 836 1936 usque
853 1867 889 1921 ad
906 1867 1064 1936 supercilia;
1081 1873 1109 1922 et
1125 1869 1249 1936 quotidie
1265 1870 1421 1939 perenniter

196 1971 218 2020 tt
229 1964 388 2020 mutantur.
397 1966 532 2020 Posthac
541 1965 609 2019 vidit
618 1965 709 2019 locum
719 1964 904 2028 tenebrosum,
913 1966 1019 2020 virisac
1028 1966 1189 2021 mulieribus
1198 1968 1317 2036 plenum,
1326 1969 1354 2022 in
1363 1985 1419 2039 quo

229 2069 376 2119 erantomnes
386 2081 482 2135 poenae.
494 2066 529 2119 Et
540 2069 620 2118 crant
632 2064 669 2118 ibi
681 2064 779 2133 puella
795 2064 878 2134 nigrae
891 2070 919 2119 et
929 2064 1092 2135 sulphurea,
1109 2082 1173 2119 cum
1193 2066 1301 2136 ignibus
1317 2074 1346 2121 et
1363 2084 1419 2122 ser-

229 2162 324 2227 pentibus
333 2165 400 2218 circa
411 2164 481 2218 colla
493 2181 552 2218 sua.
561 2164 662 2218 Postea
680 2164 749 2218 vidit
757 2169 870 2233 puteum
882 2165 1030 2219 obscurum
1040 2164 1062 2229 ⁸,
1075 2163 1140 2218 viris
1152 2182 1183 2220 ac
1195 2165 1356 2220 mulieribus
1363 2167 1420 2236 ple·

1503 2162 1518 2192 ⁸
1529 2178 1581 2217 ccx

1461 2228 1627 2283 ohschurum

231 2262 327 2329 numqui
337 2263 516 2317 comedebant
527 2263 634 2332 linguas
642 2279 716 2318 suas.
729 2262 829 2317 Postea
841 2263 909 2317 vidit
923 2263 997 2317 viros
1009 2268 1037 2317 et
1049 2264 1178 2318 mulieres
1185 2265 1215 2319 in
1226 2265 1288 2320 loco
1299 2265 1420 2335 glaciali;
1440 2302 1504 2363 pm
1519 2293 1629 2364 plenum

231 2356 317 2426 tl'lgnis
331 2362 423 2416 urebat
442 2362 563 2416 mediam
587 2367 694 2430 partem
718 2362 827 2416 illorum
850 2367 878 2416 et
897 2378 961 2431 pars
977 2362 1031 2417 alia
1048 2363 1218 2433 frigescebat.
1237 2364 1336 2418 Postea
1353 2365 1421 2420 vidit

198 2458 220 2510 tt
232 2457 378 2515 amioum
385 2460 571 2522 tenebrosum,
582 2461 696 2530 plenum
710 2459 776 2515 viris
787 2477 819 2514 ac
828 2461 1005 2525 mulieribus;
1014 2467 1043 2515 et
1054 2467 1112 2516 erat
1121 2461 1159 2515 ibi
1169 2478 1225 2516 una
1236 2463 1329 2517 anima
1339 2479 1428 2533 super.

232 2548 369 2626 bannui
382 2576 448 2613 oves
459 2561 488 2613 in
500 2559 574 2614 ovili.
591 2560 692 2614 Postea
705 2559 773 2613 vidit
782 2559 856 2614 viros
868 2574 900 2613 ac
912 2559 1041 2614 mulieres
1056 2577 1138 2630 super
1149 2561 1264 2625 canalia,
1275 2578 1307 2616 ae
1318 2562 1421 2617 multos

232 2646 307 2707 hctus
315 2662 371 2712 ante
381 2658 457 2723 illos;
470 2663 498 2712 et
509 2674 564 2712 non
576 2658 677 2712 licebat
689 2658 729 2712 eis
738 2674 847 2712 sumere
859 2658 892 2712 de
904 2658 957 2712 illis
968 2658 1110 2713 fructibus.

260 2747 286 2806 θ.
303 2755 330 2809 tc
342 2763 400 2826 post
411 2758 470 2837 haec
481 2759 576 2813 subdit
588 2759 707 2812 Lazarus
719 2758 794 2828 quod
811 2757 913 2812 multas
933 2775 1028 2828 poenas
1046 2758 1115 2814 alias
1126 2759 1203 2829 quasi
1216 2760 1336 2815 infinitas
1354 2761 1422 2816 vidit

232 2843 268 2909 ibi;
276 2852 331 2906 etde
340 2854 513 2909 interioribus
524 2855 618 2925 paenis,
630 2855 654 2909 si
663 2860 755 2910 essent
765 2861 875 2909 centurn
885 2855 937 2909 riri
948 2856 1092 2925 loquentes
1101 2862 1129 2911 et
1138 2859 1325 2927 unusquisque
1337 2858 1421 2915 habe

199 2947 262 2998 urst
272 2956 367 3016 quatuor
383 2952 491 3024 linguas
510 2954 622 3018 terreas,
639 2970 696 3008 non
713 2955 867 3023 potuissent
885 2970 1013 3008 enarrare
1030 2955 1074 3009 rel
1090 2956 1264 3011 dinumerare
1277 2956 1421 3012 interiores

232 3056 299 3107 ittae
305 3048 402 3106 interni.
412 3052 479 3106 Haec
491 3052 572 3122 igitur
584 3053 678 3107 omnia
690 3054 812 3107 narravit
822 3054 942 3107 Lazarus
951 3053 979 3106 in
988 3070 1085 3108 mensa
1097 3054 1151 3110 illa.

260 3141 286 3198 7.
303 3143 376 3218 lgitur
385 3154 449 3219 post
459 3148 658 3203 escensionem
674 3150 794 3217 Domini,
811 3157 910 3220 quarto
927 3151 1035 3205 decimo
1052 3168 1125 3206 anno
1142 3153 1246 3208 scilicet
1262 3152 1420 3209 aPassione

232 3237 400 3315 ‘letaniam
412 3245 584 3315 Stephanum
598 3246 769 3313 occidissent,
781 3248 903 3302 diversas
919 3250 1043 3317 gentium
1060 3248 1185 3318 discipuli
1205 3249 1325 3304 subeunt
1335 3250 1421 3319 regio·

232 3345 371 3403 revectum
380 3346 430 3401 Dei
443 3345 481 3400 ibi
490 3345 667 3401 seminantes.
680 3347 711 3401 ln
721 3348 772 3401 hac
784 3348 865 3416 igitur
877 3348 1046 3417 dispersione
1057 3348 1155 3402 beatus
1166 3348 1310 3403 Maximine
1318 3351 1340 3414 ⁸,
1349 3366 1421 3404 unus

200 3432 257 3488 Mt
269 3446 418 3515 septuaginta
439 3445 548 3500 duobus
568 3445 718 3514 discipulis,
738 3444 812 3500 beati
837 3461 948 3515 quoque
966 3447 1092 3512 Lazarus,
1110 3445 1194 3500 llaria
1217 3446 1375 3516 llagdalena
1393 3452 1420 3502 et

232 3529 308 3594 'utha
316 3559 388 3599 soror
397 3560 449 3599 sua
458 3549 486 3598 et
499 3543 622 3598 dlarcilla
632 3544 796 3614 pedissequa
807 3549 908 3599 sanctu
920 3544 1032 3599 hubin
1043 3562 1094 3600 nec
1105 3561 1162 3599 non
1173 3549 1202 3598 et
1215 3544 1362 3610 Codomus,
1373 3546 1420 3614 qui

232 3644 312 3693 Musa
321 3643 457 3698 nativitate
469 3643 722 3707 extiterat,sanctus
731 3643 906 3712 Trophimus,
915 3643 1137 3713 archiepiscopus
1148 3644 1314 3698 Arelatensis
1326 3650 1421 3713 postea

233 3725 416 3803 helttasanctns
438 3741 551 3807 Pronto,
568 3744 663 3810 postea
682 3741 827 3810 episcopus
849 3742 1080 3811 Petregorioensis
1102 3748 1130 3797 et
1147 3743 1244 3797 beatus
1266 3743 1421 3812 Eutropius,

155 3862 162 3875 ·
232 3835 441 3911 Wlnepiscopus
458 3840 657 3903 aurasicensis,
674 3855 770 3894 omnes
781 3840 811 3894 hi
823 3840 905 3894 simul
922 3846 950 3895 et
966 3842 1057 3910 plures
1071 3841 1116 3895 alii
1134 3841 1284 3904 christiani,
1304 3842 1367 3895 navi
1385 3843 1421 3895 ab

199 3919 349 3991 abacelam
359 3936 480 4007 impositi
499 3942 527 3991 et
543 3936 641 4006 pelago
652 3936 711 3990 sine
724 3937 816 4006 aliquo
828 3939 1012 4006 gubernatore
1024 3939 1152 4008 impositi,
1164 3944 1195 3993 ut
1210 3939 1315 3994 scilicet
1326 3955 1422 3993 omnes

232 4021 538 4103 ”lamentantium
546 4040 616 4090 nutu
625 4036 751 4091 liarsilitn
759 4037 773 4067 ⁸
782 4037 965 4101 advenerunt;
975 4038 1098 4101 unicum
1108 4038 1251 4108 nullosqui
1263 4055 1312 4092 eos
1320 4038 1422 4092 vellent
1435 4045 1437 4049 '

233 4122 320 4192 Mitte
333 4135 450 4207 hospitio
468 4137 641 4200 invenerunt,
659 4136 710 4191 sub
722 4138 841 4206 quadam
855 4137 962 4206 porticu
972 4153 1034 4205 qua
1047 4137 1112 4191 lano
1124 4137 1197 4191 illius
1207 4138 1295 4207 gentis
1308 4143 1422 4206 praeerat

234 4224 382 4288 limitantur.

263 4317 289 4378 θ·
305 4328 360 4386 Post
370 4333 474 4402 aliquot
487 4348 554 4387 vero
573 4336 689 4401 tempus,
706 4350 768 4387 cum
788 4332 885 4386 beatus
902 4331 1046 4386 hierimius
1064 4335 1092 4385 et
1108 4330 1191 4384 ceteri
1208 4332 1250 4398 (ut
1262 4330 1290 4385 in
1301 4330 1422 4385 Historia

201 4411 223 4466 ⁸⁰
234 4410 387 4485 Ttttttttarina
397 4431 542 4501 reperitur)
552 4435 664 4484 orarent
677 4430 825 4484 Dominum
835 4433 866 4483 ut
875 4429 915 4482 eis
924 4428 1081 4497 dignaretur
1090 4429 1234 4482 ostendere
1242 4428 1304 4498 quis
1313 4443 1346 4481 ex
1357 4427 1422 4496 ipsis

234 4510 304 4585 Qum
311 4530 539 4600 eoectepiscopatu
550 4528 683 4594 llarsilia,
695 4534 723 4584 et
739 4545 836 4583 omues
854 4534 946 4583 essent
957 4528 985 4582 in
1003 4528 1126 4582 oratione
1143 4528 1307 4597 congregati,
1324 4526 1423 4581 ceteris

234 4614 335 4681 cuttu
346 4629 378 4684 ad
395 4630 490 4694 altare,
502 4629 600 4683 beatus
612 4628 729 4683 Lazarus
743 4634 884 4696 umquam
898 4627 1053 4681 illitteratus
1064 4626 1205 4696 indignum
1217 4628 1231 4658 ‘
1242 4643 1273 4680 se
1285 4632 1424 4695 reputans,

236 4708 388 4783 ‘saonam
398 4725 786 4791 numerosissimarum
796 4726 902 4791 ἀίειν,
912 4725 1280 4780 ilrisstantibusantealure
1291 4728 1423 4779 ecanae

1506 4624 1521 4654 ι
1531 4626 1588 4678 M·

1480 4689 1615 4760 indignus.

1459 4757 1473 4788 e
1485 4759 1541 4812 eod.
1553 4756 1629 4811 dum.
