3270 5400
187 339 260 412 986
523 356 650 408 carna.
676 357 780 407 cono.
806 354 1083 407 nsclosssrfflc.

290 553 352 624 19⁰
376 549 507 623 Passio
530 550 567 622 S.
584 546 762 621 Damnioi
778 545 964 638 martiris,
989 568 1038 618 m
1055 546 1139 620 idus
1155 547 1329 622 Octobris
1340 548 1420 640 (iol.

335 665 501 753 cantito.

221 794 339 848 Mittin
355 797 415 849 Act.
431 795 488 854 SS.‚
499 793 534 846 sd
551 793 605 846 (19
622 791 689 853 oct,
701 791 823 849 tom.1i'‚
843 808 885 859 pp.
902 792 960 853 991,
977 792 1035 844 992„
1053 791 1131 845 Num.
1151 793 1170 846 3
1188 793 1219 845 in
1238 793 1341 851 verbis.
1360 810 1423 862 qaae

188 899 299 947 sanctas
307 894 342 947 ad
352 893 515 946 christianos
526 892 656 945 habuisse
665 894 759 953 tector,
768 895 829 959 post
839 890 953 943 verbum
968 893 1076 943 matitia
1089 891 1127 943 ita
1136 891 1240 960 pergit:
1252 896 1424 960 operationes

188 995 291 1047 niniati
301 997 330 1045 in
339 995 419 1046 corde
427 1010 476 1045 suo
483 1000 629 1059 conceptas,
640 1009 701 1044 cum
710 992 802 1057 fideles
813 992 863 1042 Dei
870 999 985 1041 conatur
993 999 1115 1053 erentere,
1125 994 1322 1057 fraudulenter
1330 1010 1345 1043 e
1344 995 1423 1058 Jerit,

188 1093 277 1144 doione
288 1094 391 1155 emittit,
402 1093 428 1142 si
446 1092 576 1158 quontodo
588 1091 724 1142 simulatis
735 1089 925 1140 biandImentis
937 1090 1054 1154 decipiat
1069 1090 1140 1153 filios
1153 1090 1213 1154 Dei,
1232 1098 1262 1142 ut
1273 1107 1319 1143 eos
1335 1108 1424 1143 mcum

188 1193 274 1256 {aciat
285 1191 357 1254 filios
373 1190 483 1241 dioboli.
495 1190 528 1239 Si
538 1197 625 1240 autem
638 1190 766 1254 captiosis
776 1188 950 1240 suasionibus
963 1190 1053 1254 nequit
1063 1204 1106 1240 eos
1116 1196 1277 1254 pervertere,
1287 1191 1423 1254 furorem,

187 1288 361 1353 tyrannidem
373 1305 390 1338 a
402 1287 508 1338 diabolo
524 1294 675 1353 conceptam
692 1288 723 1337 in
739 1302 782 1337 eos
799 1286 922 1350 effuredit,
933 1293 1040 1353 torquet
1052 1303 1103 1349 eos,
1115 1288 1273 1352 disrumpit,
1286 1289 1385 1340 adierit
1402 1296 1425 1341 et

189 1387 298 1438 minino
316 1389 426 1450 feritate
442 1387 588 1437 crudeliter
607 1402 704 1438 carnes
719 1402 812 1437 eorum
832 1387 968 1450 (disceruit.
980 1385 1023 1437 Ita
1042 1401 1104 1450 erqo
1121 1403 1138 1437 a
1155 1387 1263 1439 diabolo
1277 1404 1426 1453 perrasore

190 1492 275 1537 mente
292 1493 315 1537 et
333 1502 444 1551 corpore
461 1493 498 1538 esi
515 1488 673 1551 captirutus,
684 1492 714 1535 ut
731 1485 865 1551 quidquid
875 1491 1005 1551 operatur·
1016 1501 1068 1536 non
1080 1484 1114 1536 ab
1125 1485 1245 1537 hieniano
1256 1488 1339 1538 corde
1348 1494 1427 1552 putes

189 1586 350 1650 procedere:
361 1586 408 1636 sed
425 1585 562 1636 diabolum
580 1601 609 1636 eo
622 1586 806 1648 ministranti,
818 1600 878 1635 crim
891 1585 946 1635 risit
956 1586 983 1634 in
1002 1586 1103 1636 amicos
1121 1585 1173 1635 Dei
1183 1601 1235 1637 sita
1254 1587 1426 1650 nraiianitate

188 1687 318 1750 arassari
325 1703 337 1749 ;
347 1692 370 1736 et
384 1687 449 1752 quia
462 1687 533 1737 inter
543 1685 687 1736 homines...

289 1803 351 1874 oo
378 1802 508 1874 Passio
524 1801 586 1873 SS.
602 1799 760 1873 Victoris
776 1806 812 1872 st
825 1799 1011 1872 sociorum
1029 1800 1110 1892 ejus
1127 1822 1279 1889 cccxxx,
1289 1823 1327 1872 m
1341 1801 1426 1874 idus

338 1917 507 1990 Octobris
525 1917 602 2009 (iol.
619 1917 748 1989 esf-ct
761 1920 786 2009 ).

226 2046 303 2099 Edita
314 2045 340 2099 in
351 2046 377 2099 in
391 2049 472 2099 Anni.
482 2048 558 2111 Bou,
571 2051 637 2099 tom.
647 2046 666 2107 Ι,
679 2063 703 2114 p.
712 2045 827 2098 samos
839 2044 891 2097 Sed
902 2044 1002 2097 num.3
1013 2045 1046 2096 ad
1060 2044 1106 2096 tin.
1119 2045 1180 2097 add.
1192 2064 1199 2097 z

258 2143 292 2196 Hi
304 2143 333 2196 in
345 2142 456 2196 Oriente
467 2160 517 2212 pro
535 2142 635 2196 terreni
653 2143 722 2210 regis
737 2142 860 2209 jussione
873 2158 950 2194 anna
967 2147 1088 2209 captant.
1100 2147 1130 2196 ut
1143 2143 1251 2196 venturi
1264 2143 1294 2197 in
1306 2143 1426 2198 Galliam

289 2240 406 2294 caleatis
418 2241 488 2310 regis
504 2240 651 2294 dilectione
668 2257 700 2293 es
718 2240 854 2293 amittant
873 2239 907 2292 iii
926 2239 1038 2293 veniunt
1051 2241 1153 2304 hostes
1166 2245 1197 2293 ut
1208 2240 1305 2295 hostes
1317 2244 1427 2311 rapiant

291 2345 413 2394 mactent
421 2345 449 2393 et
460 2340 583 2409 perdant,
595 2340 643 2393 sed
655 2339 706 2408 ipsi
718 2339 808 2408 gladio
818 2344 969 2401 occurrent,
978 2355 1067 2408 genua
1077 2339 1168 2407 figent.
1178 2339 1248 2393 colla
1258 2342 1428 2410 subponent‚

290 2445 373 2508 atque
385 2456 433 2508 per
445 2440 540 2493 odium
553 2439 667 2493 Caesaris
678 2438 793 2508 gratiam
805 2438 856 2491 sibi
870 2438 1015 2506 adquirent
1027 2439 1129 2492 summi
1146 2439 1225 2507 regis.

258 2538 339 2592 Num.
352 2539 376 2601 7,
385 2555 411 2606 p.
419 2539 476 2602 om,
487 2538 534 2592 lin.
547 2539 570 2603 7,
582 2544 645 2607 post
656 2541 738 2592 uidua
750 2546 836 2591 matre
847 2538 909 2591 add.
922 2557 928 2591 :

261 2640 413 2692 Praesertim
431 2656 483 2691 non
496 2641 582 2692 coium
594 2640 719 2691 carnales
729 2640 838 2703 amicos,
850 2654 903 2690 non
915 2639 1000 2690 sotum
1012 2640 1092 2691 matti
1102 2639 1229 2691 deserunt
1239 2648 1370 2706 parentes
1380 2649 1428 2694 aut

290 2738 371 2802 filios,
383 2753 436 2789 uon
446 2739 533 2790 solum
543 2738 668 2803 familias
678 2738 716 2789 oei
728 2738 826 2800 domos,
838 2738 885 2789 sed
899 2737 965 2789 adeo
982 2753 1074 2789 arnore
1085 2753 1208 2804 soiperus
1220 2741 1324 2805 patriae
1338 2756 1428 2792 accen·

291 2837 403 2901 duntur,
424 2843 454 2888 ut
473 2837 587 2903 odiendo
609 2837 679 2888 itanc
702 2838 828 2887 miseram
850 2838 932 2887 citam
954 2836 1061 2888 dicersu
1083 2842 1266 2900 tyrannorum
1288 2840 1428 2906 suppticia

290 2937 445 2999 incurrant,
457 2941 480 2987 et
492 2935 544 2987 Dei
555 2935 660 2986 Filium
671 2936 817 3000 confitendo
833 2941 943 2987 mortem
962 2936 1062 3001 eiiaaut
1074 2952 1129 3002 qua
1146 2937 1246 2990 cicant.
1264 2938 1333 2991 Ecce
1351 2939 1428 2991 nobis

291 3034 360 3085 idem
370 3033 451 3099 Deus,
463 3035 534 3085 idem
545 3034 824 3096 Dominus,·eumdem
836 3041 859 3085 et
871 3049 928 3097 nos,
941 3049 1016 3100 quem
1029 3035 1085 3101 r'Jrsi
1096 3036 1170 3087 eiecti
1186 3036 1314 3090 adorant.
1324 3038 1428 3091 Eadem

287 3133 457 3199 possibilitas
465 3140 502 3185 est
511 3133 536 3185 ei
546 3134 675 3185 servandi
682 3140 705 3197 et
714 3149 770 3196 nos,
779 3134 849 3184 sicut
858 3139 882 3185 et
892 3134 952 3185 iilos
960 3151 970 3196 ‚·
978 3134 1070 3185 eadem
1078 3135 1166 3200 pietas
1175 3136 1302 3188 misereri
1314 3145 1339 3190 et
1351 3140 1428 3192 nobie

291 3233 361 3283 sicut
372 3239 396 3283 et
408 3232 473 3295 iliis,
485 3232 552 3284 idem
562 3233 705 3298 prumiam
717 3238 836 3299 expectat
847 3247 896 3284 nos
905 3233 975 3283 sicut
983 3238 1006 3284 et
1015 3232 1084 3284 iilos.
1094 3233 1225 3286 I’ratmea
1235 3237 1262 3287 si
1272 3235 1426 3303 Cesarjus·

292 3333 359 3382 serit
368 3338 391 3382 et
401 3331 444 3384 iiic
455 3332 588 3383 exercitus
597 3347 657 3383 cum
669 3331 844 3393 incusserit,
855 3331 892 3382 ad
901 3330 997 3383 odium
1006 3331 1067 3395 iota
1075 3338 1098 3384 et
1106 3334 1133 3384 si
1142 3333 1179 3385 ibi
1188 3335 1319 3387 miserum
1328 3336 1429 3389 hostem

290 3431 463 3496 manasserii,
475 3437 524 3482 aut
538 3446 684 3496 percussus
701 3430 735 3482 ab
753 3431 800 3482 iiio
816 3430 948 3489 ceciderit,
959 3432 1002 3483 eia
1022 3432 1122 3484 milites
1137 3429 1248 3499 curtat,
1260 3435 1309 3487 sebi
1328 3451 1429 3489 merces

287 3546 342 3597 pro
353 3530 404 3582 taii
420 3529 587 3582 certamine?
608 3529 658 3581 Ubi
667 3531 783 3581 uictoris
797 3529 914 3595 points?
933 3529 983 3582 Ubi
994 3531 1125 3595 martyrii
1140 3535 1264 3585 corona?
1275 3534 1337 3587 Heu
1350 3537 1428 3596 absit,

292 3629 362 3680 absit
375 3645 393 3680 a
404 3628 536 3680 militibus
547 3628 651 3680 Christi
658 3635 715 3680 tam
727 3630 912 3695 importunum
924 3646 956 3681 aa
970 3631 1120 3696 nefandum
1135 3631 1248 3695 facinus
1264 3640 1295 3685 ut
1313 3636 1430 3688 adorato

292 3728 365 3779 idolo
374 3728 508 3793 sacriieaa
516 3743 623 3790 acanus,
635 3727 720 3781 hostis
732 3727 795 3794 Deo,
806 3729 926 3781 dicatum
938 3736 1019 3796 caput
1030 3729 1174 3795 obtruncet,
1183 3739 1327 3784 sacratum
1337 3742 1431 3800 pertun

291 3828 419 3893 perforet,
431 3827 470 3878 uei
486 3828 603 3891 attineat
620 3829 781 3892 sanquinem
793 3835 950 3880 sannorum
964 3845 1049 3881 emtor
1066 3831 1237 3883 incrassatus
1249 3830 1430 3887 libaminibus

294 3926 495 3977 daemoniorum.
507 3925 583 3992 liras
599 3927 625 3977 si
638 3942 692 3992 pro
707 3927 760 3992 fide
772 3927 919 3994 affliaitur,
930 3929 1008 3981 salue
1022 3929 1186 3995 adquiritur
1193 3946 1204 3993 ,·
1216 3931 1243 3982 ni
1251 3947 1306 3997 pro
1321 3932 1429 3987 Christo

292 4026 418 4088 moritur,
430 4026 486 4076 uita
497 4026 679 4092 consequitur.
697 4025 817 4078 Redeunt
835 4028 933 4079 iterum
945 4029 983 4079 ad
1000 4034 1099 4080 mentes
1110 4029 1199 4080 sancti
1210 4036 1351 4096 rnartyres
1363 4048 1429 4100 quos

294 4131 394 4191 quanto
415 4125 510 4176 acrius
528 4131 653 4191 torquent
673 4126 822 4191 carnifices,
841 4132 916 4179 tanto
936 4133 1028 4179 estant
1044 4127 1182 4193 fortiores.
1206 4128 1228 4181 O
1248 4130 1428 4197 diiectissimi,

294 4223 366 4274 unde
383 4222 454 4275 ioci
471 4222 536 4274 Nisi
555 4224 621 4289 quia
639 4224 701 4290 ipsa
719 4225 836 4277 coelestia
850 4227 966 4291 prumia
986 4227 1123 4279 delectant.
1140 4227 1304 4294 Accepimus
1316 4239 1341 4283 et
1357 4232 1427 4284 iliud

294 4321 395 4373 dictum
408 4320 521 4373 Domini
532 4321 608 4374 rioiis
617 4323 795 4388 predicantis
808 4322 822 4348 ‘¹
832 4324 912 4377 Beati
928 4327 978 4393 qui
987 4327 1197 4392 persecutionem
1206 4330 1359 4395 patiuntur
1366 4347 1429 4398 pro

291 4426 353 4485 pter
363 4421 504 4485 justitiam
521 4423 652 4487 quoniam
664 4423 786 4488 ipsorum
798 4430 836 4475 est
847 4440 960 4490 reanum
972 4425 1099 4478 calorum
1110 4464 1133 4491 ,,.
1143 4425 1280 4481 Dcieetent
1287 4431 1429 4494 pariterct

295 4519 356 4585 ipsa
366 4519 480 4584 aemuia
495 4520 554 4572 ritu
568 4521 705 4586 permuta,
722 4527 746 4573 et
763 4538 796 4573 ue
815 4522 1023 4589 obtemperemus
1034 4523 1210 4578 incommodis
1226 4526 1325 4581 edictis
1339 4528 1429 4581 itati-

295 4619 383 4669 miani
392 4618 529 4685 principis
537 4637 548 4683 ;
559 4619 606 4672 sed
617 4619 822 4673 sieccumbamus
842 4623 959 4676 articulo
975 4630 1164 4677 momentanee
1180 4626 1286 4681 mortis.
1302 4624 1427 4680 Gaudeo·

295 4731 356 4768 mus
368 4717 454 4782 icitur
465 4718 496 4770 iu
507 4718 625 4772 Domino
636 4720 727 4773 securi
738 4720 770 4773 de
777 4721 898 4788 premio.
916 4720 1087 4777 Festinamus
1103 4724 1179 4778 omni
1195 4724 1346 4781 intentione
1359 4732 1427 4780 tene·
