<?xml version="1.0" encoding="UTF-8"?>
<!DOCTYPE html PUBLIC "-//W3C//DTD XHTML 1.0 Transitional//EN"
    "http://www.w3.org/TR/xhtml1/DTD/xhtml1-transitional.dtd">
<html xmlns="http://www.w3.org/1999/xhtml" xml:lang="en" lang="en">
 <head>
  <title>
</title>
<meta http-equiv="Content-Type" content="text/html;charset=utf-8" />
  <meta name='ocr-system' content='tesseract 3.04.00' />
  <meta name='ocr-capabilities' content='ocr_page ocr_carea ocr_par ocr_line ocrx_word'/>
</head>
<body>
  <div class='ocr_page' id='page_1' title='image "./cataloguscodicu00belggoog_0120.png"; bbox 0 0 3270 5400; ppageno 0'>
   <div class='ocr_carea' id='block_1_1' title="bbox 347 339 1449 413">
    <p class='ocr_par' dir='ltr' id='par_1_1' title="bbox 347 339 1449 413">
     <span class='ocr_line' id='line_1_1' title="bbox 347 339 1449 413; baseline -0.002 0"><span class='ocrx_word' id='word_1_1' title='bbox 347 361 439 413; x_wconf 83' lang='lat' dir='ltr'>eran.</span> <span class='ocrx_word' id='word_1_2' title='bbox 457 361 540 412; x_wconf 81' lang='lat' dir='ltr'>aaa.</span> <span class='ocrx_word' id='word_1_3' title='bbox 559 360 732 412; x_wconf 74' lang='lat' dir='ltr'>sauram.</span> <span class='ocrx_word' id='word_1_4' title='bbox 751 383 797 392; x_wconf 91' lang='lat'><em>-</em></span> <span class='ocrx_word' id='word_1_5' title='bbox 817 360 965 413; x_wconf 79' lang='lat' dir='ltr'>areana.</span> <span class='ocrx_word' id='word_1_6' title='bbox 984 360 1030 410; x_wconf 81' lang='lat' dir='ltr'>ao</span> <span class='ocrx_word' id='word_1_7' title='bbox 1048 360 1128 411; x_wconf 87' lang='lat' dir='ltr'>coo.</span> <span class='ocrx_word' id='word_1_8' title='bbox 1146 350 1183 410; x_wconf 74' lang='grc' dir='ltr'>ιι0</span> <span class='ocrx_word' id='word_1_9' title='bbox 1200 359 1325 411; x_wconf 76' lang='lat' dir='ltr'>raon-ra.</span> <span class='ocrx_word' id='word_1_10' title='bbox 1385 339 1449 411; x_wconf 90' lang='grc'>101</span> 
     </span>
    </p>
   </div>
   <div class='ocr_carea' id='block_1_2' title="bbox 184 550 1454 1013">
    <p class='ocr_par' dir='ltr' id='par_1_2' title="bbox 214 550 1454 621">
     <span class='ocr_line' id='line_1_2' title="bbox 214 550 1454 621; baseline 0.002 -18"><span class='ocrx_word' id='word_1_11' title='bbox 214 550 289 603; x_wconf 83' lang='lat' dir='ltr'>vitas</span> <span class='ocrx_word' id='word_1_12' title='bbox 299 550 448 615; x_wconf 86' lang='lat' dir='ltr'>emanavit,</span> <span class='ocrx_word' id='word_1_13' title='bbox 457 551 532 619; x_wconf 85' lang='lat' dir='ltr'>quod</span> <span class='ocrx_word' id='word_1_14' title='bbox 543 556 631 604; x_wconf 88' lang='lat' dir='ltr'>totam</span> <span class='ocrx_word' id='word_1_15' title='bbox 643 551 786 606; x_wconf 89' lang='lat' dir='ltr'>ecclesiam</span> <span class='ocrx_word' id='word_1_16' title='bbox 799 554 870 605; x_wconf 89' lang='lat' dir='ltr'>mira</span> <span class='ocrx_word' id='word_1_17' title='bbox 879 551 1015 606; x_wconf 87' lang='lat' dir='ltr'>suavitate</span> <span class='ocrx_word' id='word_1_18' title='bbox 1025 551 1147 621; x_wconf 89' lang='lat' dir='ltr'>replevit.</span> <span class='ocrx_word' id='word_1_19' title='bbox 1160 552 1201 605; x_wconf 90' lang='lat' dir='ltr'>lta</span> <span class='ocrx_word' id='word_1_20' title='bbox 1209 557 1241 605; x_wconf 90' lang='lat' dir='ltr'>ut</span> <span class='ocrx_word' id='word_1_21' title='bbox 1250 568 1306 605; x_wconf 92' lang='lat' dir='ltr'>non</span> <span class='ocrx_word' id='word_1_22' title='bbox 1316 552 1454 605; x_wconf 90' lang='lat' dir='ltr'>videretur</span> 
     </span>
    </p>

    <p class='ocr_par' dir='ltr' id='par_1_3' title="bbox 213 649 1453 720">
     <span class='ocr_line' id='line_1_3' title="bbox 213 649 1453 720; baseline 0.002 -17"><span class='ocrx_word' id='word_1_23' title='bbox 213 649 342 717; x_wconf 83' lang='lat' dir='ltr'>paruisse</span> <span class='ocrx_word' id='word_1_24' title='bbox 359 649 481 703; x_wconf 77' lang='lat' dir='ltr'>defuncti</span> <span class='ocrx_word' id='word_1_25' title='bbox 497 650 620 719; x_wconf 91' lang='lat' dir='ltr'>corporis</span> <span class='ocrx_word' id='word_1_26' title='bbox 636 649 786 719; x_wconf 89' lang='lat' dir='ltr'>sepultura,</span> <span class='ocrx_word' id='word_1_27' title='bbox 803 651 851 705; x_wconf 89' lang='lat' dir='ltr'>sed</span> <span class='ocrx_word' id='word_1_28' title='bbox 868 651 1019 705; x_wconf 93' lang='lat' dir='ltr'>multorum</span> <span class='ocrx_word' id='word_1_29' title='bbox 1037 656 1194 704; x_wconf 88' lang='lat' dir='ltr'>aromatum</span> <span class='ocrx_word' id='word_1_30' title='bbox 1211 652 1354 720; x_wconf 82' lang='lat' dir='ltr'><strong>apotheca.</strong></span> <span class='ocrx_word' id='word_1_31' title='bbox 1372 651 1453 706; x_wconf 90' lang='lat' dir='ltr'>Vide·</span> 
     </span>
    </p>

    <p class='ocr_par' dir='ltr' id='par_1_4' title="bbox 213 749 1454 819">
     <span class='ocr_line' id='line_1_4' title="bbox 213 749 1454 819; baseline 0.002 -18"><span class='ocrx_word' id='word_1_32' title='bbox 213 754 337 817; x_wconf 87' lang='lat' dir='ltr'>runtque</span> <span class='ocrx_word' id='word_1_33' title='bbox 346 749 435 817; x_wconf 91' lang='lat' dir='ltr'>ipsum</span> <span class='ocrx_word' id='word_1_34' title='bbox 448 749 558 817; x_wconf 90' lang='lat' dir='ltr'>penitus</span> <span class='ocrx_word' id='word_1_35' title='bbox 570 750 759 817; x_wconf 89' lang='lat' dir='ltr'>incorruptum</span> <span class='ocrx_word' id='word_1_36' title='bbox 769 754 798 803; x_wconf 92' lang='lat' dir='ltr'>et</span> <span class='ocrx_word' id='word_1_37' title='bbox 806 750 942 818; x_wconf 75' lang='lat' dir='ltr'>integrum</span> <span class='ocrx_word' id='word_1_38' title='bbox 955 751 983 803; x_wconf 91' lang='lat' dir='ltr'>in</span> <span class='ocrx_word' id='word_1_39' title='bbox 995 750 1125 804; x_wconf 87' lang='lat' dir='ltr'>omnibus</span> <span class='ocrx_word' id='word_1_40' title='bbox 1136 750 1268 804; x_wconf 86' lang='lat' dir='ltr'>membris</span> <span class='ocrx_word' id='word_1_41' title='bbox 1280 756 1364 819; x_wconf 84' lang='lat' dir='ltr'>atque</span> <span class='ocrx_word' id='word_1_42' title='bbox 1376 751 1454 805; x_wconf 91' lang='lat' dir='ltr'>indn-</span> 
     </span>
    </p>

    <p class='ocr_par' dir='ltr' id='par_1_5' title="bbox 184 847 1452 1013">
     <span class='ocr_line' id='line_1_5' title="bbox 214 847 1452 918; baseline 0.005 -19"><span class='ocrx_word' id='word_1_43' title='bbox 214 849 320 902; x_wconf 89' lang='lat' dir='ltr'>mentis</span> <span class='ocrx_word' id='word_1_44' title='bbox 331 847 396 913; x_wconf 83' lang='lat' dir='ltr'>suis,</span> <span class='ocrx_word' id='word_1_45' title='bbox 408 849 436 902; x_wconf 95' lang='lat' dir='ltr'>in</span> <span class='ocrx_word' id='word_1_46' title='bbox 448 847 549 917; x_wconf 87' lang='lat' dir='ltr'>quibus</span> <span class='ocrx_word' id='word_1_47' title='bbox 561 853 620 901; x_wconf 86' lang='lat' dir='ltr'>erat</span> <span class='ocrx_word' id='word_1_48' title='bbox 631 848 702 902; x_wconf 87' lang='lat' dir='ltr'>mira</span> <span class='ocrx_word' id='word_1_49' title='bbox 710 848 871 902; x_wconf 78' lang='lat' dir='ltr'>redolentia.</span> <span class='ocrx_word' id='word_1_50' title='bbox 880 849 999 917; x_wconf 80' lang='lat' dir='ltr'>Eratque</span> <span class='ocrx_word' id='word_1_51' title='bbox 1009 865 1109 916; x_wconf 90' lang='lat' dir='ltr'>corpus</span> <span class='ocrx_word' id='word_1_52' title='bbox 1118 850 1146 903; x_wconf 93' lang='lat' dir='ltr'>in</span> <span class='ocrx_word' id='word_1_53' title='bbox 1159 849 1265 904; x_wconf 90' lang='lat' dir='ltr'>tumulo</span> <span class='ocrx_word' id='word_1_54' title='bbox 1279 850 1452 918; x_wconf 90' lang='lat' dir='ltr'>suppositum</span> 
     </span>
     <span class='ocr_line' id='line_1_6' title="bbox 184 946 1218 1013; baseline 0.002 -13"><span class='ocrx_word' id='word_1_55' title='bbox 184 952 200 1000; x_wconf 78' lang='lat' dir='ltr'>t</span> <span class='ocrx_word' id='word_1_56' title='bbox 214 946 297 1013; x_wconf 84' lang='lat' dir='ltr'>quasi</span> <span class='ocrx_word' id='word_1_57' title='bbox 307 947 472 1001; x_wconf 84' lang='lat' dir='ltr'>recumbens</span> <span class='ocrx_word' id='word_1_58' title='bbox 484 947 512 1000; x_wconf 89' lang='lat' dir='ltr'>in</span> <span class='ocrx_word' id='word_1_59' title='bbox 524 946 658 1011; x_wconf 87' lang='lat' dir='ltr'>oratione,</span> <span class='ocrx_word' id='word_1_60' title='bbox 670 951 700 1001; x_wconf 93' lang='lat' dir='ltr'>ut</span> <span class='ocrx_word' id='word_1_61' title='bbox 715 948 752 1001; x_wconf 90' lang='lat' dir='ltr'>illi</span> <span class='ocrx_word' id='word_1_62' title='bbox 765 946 852 1001; x_wconf 89' lang='lat' dir='ltr'>moris</span> <span class='ocrx_word' id='word_1_63' title='bbox 863 953 922 1001; x_wconf 90' lang='lat' dir='ltr'>erat</span> <span class='ocrx_word' id='word_1_64' title='bbox 935 964 1014 1001; x_wconf 88' lang='lat' dir='ltr'>orare</span> <span class='ocrx_word' id='word_1_65' title='bbox 1026 948 1091 1002; x_wconf 93' lang='lat' dir='ltr'>dum</span> <span class='ocrx_word' id='word_1_66' title='bbox 1105 948 1218 1002; x_wconf 86' lang='lat' dir='ltr'>vixerat.</span> 
     </span>
    </p>
   </div>
   <div class='ocr_carea' id='block_1_3' title="bbox 498 1142 1167 1225">
    <p class='ocr_par' dir='ltr' id='par_1_6' title="bbox 498 1142 1167 1225">
     <span class='ocr_line' id='line_1_7' title="bbox 498 1142 1167 1225; baseline 0 -16"><span class='ocrx_word' id='word_1_67' title='bbox 498 1151 551 1209; x_wconf 84' lang='lat' dir='ltr'>De</span> <span class='ocrx_word' id='word_1_68' title='bbox 572 1151 803 1222; x_wconf 74' lang='lat' dir='ltr'>ethimologia</span> <span class='ocrx_word' id='word_1_69' title='bbox 822 1149 974 1209; x_wconf 88' lang='lat' dir='ltr'>nomtnts</span> <span class='ocrx_word' id='word_1_70' title='bbox 995 1142 1167 1225; x_wconf 74' lang='lat' dir='ltr'>ejusdem.</span> 
     </span>
    </p>
   </div>
   <div class='ocr_carea' id='block_1_4' title="bbox 177 1357 1452 2515">
    <p class='ocr_par' dir='ltr' id='par_1_7' title="bbox 229 1357 1452 1625">
     <span class='ocr_line' id='line_1_8' title="bbox 266 1357 1451 1428; baseline 0.002 -16"><span class='ocrx_word' id='word_1_71' title='bbox 266 1357 320 1415; x_wconf 78' lang='lat'>18.</span> <span class='ocrx_word' id='word_1_72' title='bbox 340 1357 390 1411; x_wconf 89' lang='lat' dir='ltr'>Hic</span> <span class='ocrx_word' id='word_1_73' title='bbox 399 1363 441 1412; x_wconf 88' lang='lat' dir='ltr'>est</span> <span class='ocrx_word' id='word_1_74' title='bbox 453 1357 654 1412; x_wconf 78' lang='lat' dir='ltr'>famosissimus</span> <span class='ocrx_word' id='word_1_75' title='bbox 667 1358 771 1423; x_wconf 88' lang='lat' dir='ltr'>doctor,</span> <span class='ocrx_word' id='word_1_76' title='bbox 783 1374 908 1428; x_wconf 74' lang='lat' dir='ltr'>magnus,</span> <span class='ocrx_word' id='word_1_77' title='bbox 921 1358 1006 1411; x_wconf 90' lang='lat' dir='ltr'>immo</span> <span class='ocrx_word' id='word_1_78' title='bbox 1019 1358 1156 1411; x_wconf 80' lang='lat' dir='ltr'>maximus</span> <span class='ocrx_word' id='word_1_79' title='bbox 1168 1358 1305 1423; x_wconf 81' lang='lat' dir='ltr'>Albertus,</span> <span class='ocrx_word' id='word_1_80' title='bbox 1317 1359 1404 1413; x_wconf 85' lang='lat' dir='ltr'>dictus</span> <span class='ocrx_word' id='word_1_81' title='bbox 1416 1360 1451 1414; x_wconf 94' lang='lat' dir='ltr'>ab</span> 
     </span>
     <span class='ocr_line' id='line_1_9' title="bbox 229 1456 1452 1525; baseline 0.002 -16"><span class='ocrx_word' id='word_1_82' title='bbox 229 1458 254 1509; x_wconf 84' lang='lat' dir='ltr'>cl</span> <span class='ocrx_word' id='word_1_83' title='bbox 262 1458 343 1525; x_wconf 81' lang='lat' dir='ltr'>(quod</span> <span class='ocrx_word' id='word_1_84' title='bbox 351 1462 392 1510; x_wconf 88' lang='lat' dir='ltr'>est</span> <span class='ocrx_word' id='word_1_85' title='bbox 403 1456 501 1521; x_wconf 81' lang='lat' dir='ltr'>altum)</span> <span class='ocrx_word' id='word_1_86' title='bbox 514 1461 541 1509; x_wconf 91' lang='lat' dir='ltr'>et</span> <span class='ocrx_word' id='word_1_87' title='bbox 552 1458 598 1510; x_wconf 81' lang='lat' dir='ltr'>ber</span> <span class='ocrx_word' id='word_1_88' title='bbox 607 1456 692 1525; x_wconf 87' lang='lat' dir='ltr'>(quod</span> <span class='ocrx_word' id='word_1_89' title='bbox 704 1462 746 1509; x_wconf 88' lang='lat' dir='ltr'>est</span> <span class='ocrx_word' id='word_1_90' title='bbox 755 1456 817 1509; x_wconf 84' lang='lat' dir='ltr'>tons</span> <span class='ocrx_word' id='word_1_91' title='bbox 827 1457 869 1508; x_wconf 92' lang='lat' dir='ltr'>vel</span> <span class='ocrx_word' id='word_1_92' title='bbox 879 1461 986 1524; x_wconf 76' lang='lat' dir='ltr'>puteus)</span> <span class='ocrx_word' id='word_1_93' title='bbox 1000 1461 1027 1509; x_wconf 88' lang='lat' dir='ltr'>et</span> <span class='ocrx_word' id='word_1_94' title='bbox 1035 1465 1079 1509; x_wconf 80' lang='lat' dir='ltr'>ras</span> <span class='ocrx_word' id='word_1_95' title='bbox 1088 1456 1173 1525; x_wconf 84' lang='lat' dir='ltr'>(quod</span> <span class='ocrx_word' id='word_1_96' title='bbox 1184 1463 1224 1511; x_wconf 89' lang='lat' dir='ltr'>est</span> <span class='ocrx_word' id='word_1_97' title='bbox 1234 1474 1336 1511; x_wconf 86' lang='lat' dir='ltr'>nomen</span> <span class='ocrx_word' id='word_1_98' title='bbox 1346 1458 1452 1512; x_wconf 89' lang='lat' dir='ltr'>arboris</span> 
     </span>
     <span class='ocr_line' id='line_1_10' title="bbox 232 1554 1451 1625; baseline 0.002 -16"><span class='ocrx_word' id='word_1_99' title='bbox 232 1554 1451 1625; x_wconf 73' lang='lat' dir='ltr'>immensoeatqueramosaeetgummiindeliuentisalbi,solidi‚mundietodorileri).Nam</span> 
     </span>
    </p>

    <p class='ocr_par' dir='ltr' id='par_1_8' title="bbox 197 1654 1452 2120">
     <span class='ocr_line' id='line_1_11' title="bbox 197 1654 1450 1725; baseline 0.005 -21"><span class='ocrx_word' id='word_1_100' title='bbox 197 1656 221 1707; x_wconf 87' lang='lat' dir='ltr'>tt</span> <span class='ocrx_word' id='word_1_101' title='bbox 235 1654 282 1709; x_wconf 88' lang='lat' dir='ltr'>luit</span> <span class='ocrx_word' id='word_1_102' title='bbox 291 1655 432 1709; x_wconf 73' lang='lat' dir='ltr'>altissimus</span> <span class='ocrx_word' id='word_1_103' title='bbox 444 1656 473 1710; x_wconf 96' lang='lat' dir='ltr'>in</span> <span class='ocrx_word' id='word_1_104' title='bbox 490 1656 606 1710; x_wconf 87' lang='lat' dir='ltr'>scientia</span> <span class='ocrx_word' id='word_1_105' title='bbox 617 1672 668 1709; x_wconf 89' lang='lat' dir='ltr'>sua</span> <span class='ocrx_word' id='word_1_106' title='bbox 680 1661 762 1725; x_wconf 90' lang='lat' dir='ltr'>atque</span> <span class='ocrx_word' id='word_1_107' title='bbox 774 1655 960 1724; x_wconf 86' lang='lat' dir='ltr'>speculatione</span> <span class='ocrx_word' id='word_1_108' title='bbox 972 1655 1137 1709; x_wconf 88' lang='lat' dir='ltr'>divinorum.</span> <span class='ocrx_word' id='word_1_109' title='bbox 1157 1656 1219 1723; x_wconf 90' lang='lat' dir='ltr'>lpse</span> <span class='ocrx_word' id='word_1_110' title='bbox 1237 1656 1311 1709; x_wconf 88' lang='lat' dir='ltr'>enim</span> <span class='ocrx_word' id='word_1_111' title='bbox 1330 1657 1450 1725; x_wconf 89' lang='lat' dir='ltr'>quodam</span> 
     </span>
     <span class='ocr_line' id='line_1_12' title="bbox 240 1753 1452 1825; baseline 0.002 -18"><span class='ocrx_word' id='word_1_112' title='bbox 240 1754 351 1819; x_wconf 74' lang='lat' dir='ltr'>parlari</span> <span class='ocrx_word' id='word_1_113' title='bbox 360 1753 466 1823; x_wconf 77' lang='lat' dir='ltr'>lastigie</span> <span class='ocrx_word' id='word_1_114' title='bbox 475 1753 529 1807; x_wconf 91' lang='lat' dir='ltr'>alte</span> <span class='ocrx_word' id='word_1_115' title='bbox 540 1754 644 1808; x_wconf 86' lang='lat' dir='ltr'>rotavit</span> <span class='ocrx_word' id='word_1_116' title='bbox 655 1756 733 1823; x_wconf 86' lang='lat' dir='ltr'>qnasi</span> <span class='ocrx_word' id='word_1_117' title='bbox 746 1754 838 1824; x_wconf 90' lang='lat' dir='ltr'>aquila</span> <span class='ocrx_word' id='word_1_118' title='bbox 849 1770 897 1824; x_wconf 88' lang='lat' dir='ltr'>per</span> <span class='ocrx_word' id='word_1_119' title='bbox 909 1754 1046 1807; x_wconf 91' lang='lat' dir='ltr'>montium</span> <span class='ocrx_word' id='word_1_120' title='bbox 1054 1755 1212 1813; x_wconf 88' lang='lat' dir='ltr'>cacumina;</span> <span class='ocrx_word' id='word_1_121' title='bbox 1224 1759 1259 1818; x_wconf 85' lang='lat' dir='ltr'>et,</span> <span class='ocrx_word' id='word_1_122' title='bbox 1272 1771 1305 1809; x_wconf 90' lang='lat' dir='ltr'>ea</span> <span class='ocrx_word' id='word_1_123' title='bbox 1316 1772 1378 1825; x_wconf 77' lang='lat' dir='ltr'>qua</span> <span class='ocrx_word' id='word_1_124' title='bbox 1387 1762 1452 1810; x_wconf 88' lang='lat' dir='ltr'>sunt</span> 
     </span>
     <span class='ocr_line' id='line_1_13' title="bbox 244 1850 1451 1924; baseline 0.004 -20"><span class='ocrx_word' id='word_1_125' title='bbox 244 1850 395 1907; x_wconf 90' lang='lat' dir='ltr'>inmontium</span> <span class='ocrx_word' id='word_1_126' title='bbox 412 1853 549 1907; x_wconf 84' lang='lat' dir='ltr'>radicibus</span> <span class='ocrx_word' id='word_1_127' title='bbox 566 1854 704 1907; x_wconf 90' lang='lat' dir='ltr'>interdum</span> <span class='ocrx_word' id='word_1_128' title='bbox 717 1854 902 1917; x_wconf 86' lang='lat' dir='ltr'>considerans,</span> <span class='ocrx_word' id='word_1_129' title='bbox 915 1854 1002 1907; x_wconf 91' lang='lat' dir='ltr'>multa</span> <span class='ocrx_word' id='word_1_130' title='bbox 1020 1853 1150 1907; x_wconf 85' lang='lat' dir='ltr'>coelorum</span> <span class='ocrx_word' id='word_1_131' title='bbox 1163 1855 1252 1923; x_wconf 90' lang='lat' dir='ltr'>spatia</span> <span class='ocrx_word' id='word_1_132' title='bbox 1261 1859 1451 1924; x_wconf 88' lang='lat' dir='ltr'>terrarumque</span> 
     </span>
     <span class='ocr_line' id='line_1_14' title="bbox 247 1948 1451 2021; baseline 0.005 -20"><span class='ocrx_word' id='word_1_133' title='bbox 247 1948 466 2021; x_wconf 80' lang='lat' dir='ltr'>situsetaquarum</span> <span class='ocrx_word' id='word_1_134' title='bbox 480 1951 612 2006; x_wconf 88' lang='lat' dir='ltr'>circulum</span> <span class='ocrx_word' id='word_1_135' title='bbox 622 1951 678 2005; x_wconf 89' lang='lat' dir='ltr'>alto</span> <span class='ocrx_word' id='word_1_136' title='bbox 692 1952 881 2020; x_wconf 85' lang='lat' dir='ltr'>pronuntiavit</span> <span class='ocrx_word' id='word_1_137' title='bbox 889 1952 1007 2020; x_wconf 87' lang='lat' dir='ltr'>eloquio,</span> <span class='ocrx_word' id='word_1_138' title='bbox 1018 1951 1159 2021; x_wconf 87' lang='lat' dir='ltr'>disputans</span> <span class='ocrx_word' id='word_1_139' title='bbox 1168 1958 1199 2006; x_wconf 93' lang='lat' dir='ltr'>ut</span> <span class='ocrx_word' id='word_1_140' title='bbox 1211 1953 1281 2006; x_wconf 86' lang='lat' dir='ltr'>alius</span> <span class='ocrx_word' id='word_1_141' title='bbox 1292 1953 1451 2007; x_wconf 79' lang='lat' dir='ltr'>Salomone</span> 
     </span>
     <span class='ocr_line' id='line_1_15' title="bbox 250 2048 1451 2120; baseline 0.003 -19"><span class='ocrx_word' id='word_1_142' title='bbox 250 2048 313 2101; x_wconf 82' lang='lat' dir='ltr'>cedro</span> <span class='ocrx_word' id='word_1_143' title='bbox 321 2066 375 2118; x_wconf 84' lang='lat' dir='ltr'>quae</span> <span class='ocrx_word' id='word_1_144' title='bbox 385 2056 426 2104; x_wconf 88' lang='lat' dir='ltr'>est</span> <span class='ocrx_word' id='word_1_145' title='bbox 435 2050 463 2103; x_wconf 91' lang='lat' dir='ltr'>in</span> <span class='ocrx_word' id='word_1_146' title='bbox 474 2051 582 2104; x_wconf 87' lang='lat' dir='ltr'>Libano</span> <span class='ocrx_word' id='word_1_147' title='bbox 592 2067 679 2120; x_wconf 89' lang='lat' dir='ltr'>usque</span> <span class='ocrx_word' id='word_1_148' title='bbox 691 2051 725 2104; x_wconf 91' lang='lat' dir='ltr'>ad</span> <span class='ocrx_word' id='word_1_149' title='bbox 737 2068 852 2119; x_wconf 82' lang='lat' dir='ltr'>ysopum</span> <span class='ocrx_word' id='word_1_150' title='bbox 866 2051 959 2120; x_wconf 89' lang='lat' dir='ltr'>quide</span> <span class='ocrx_word' id='word_1_151' title='bbox 972 2056 1044 2104; x_wconf 88' lang='lat' dir='ltr'>terra</span> <span class='ocrx_word' id='word_1_152' title='bbox 1057 2051 1153 2104; x_wconf 87' lang='lat' dir='ltr'>oritur.</span> <span class='ocrx_word' id='word_1_153' title='bbox 1167 2052 1216 2104; x_wconf 87' lang='lat' dir='ltr'>Hic</span> <span class='ocrx_word' id='word_1_154' title='bbox 1226 2056 1257 2105; x_wconf 93' lang='lat' dir='ltr'>ut</span> <span class='ocrx_word' id='word_1_155' title='bbox 1266 2051 1335 2104; x_wconf 89' lang='lat' dir='ltr'>alter</span> <span class='ocrx_word' id='word_1_156' title='bbox 1344 2052 1451 2120; x_wconf 84' lang='lat' dir='ltr'>lloyses</span> 
     </span>
    </p>

    <p class='ocr_par' dir='ltr' id='par_1_9' title="bbox 219 2146 1451 2311">
     <span class='ocr_line' id='line_1_16' title="bbox 219 2146 1451 2219; baseline 0.006 -22"><span class='ocrx_word' id='word_1_157' title='bbox 219 2146 242 2197; x_wconf 84' lang='lat' dir='ltr'>u</span> <span class='ocrx_word' id='word_1_158' title='bbox 253 2149 449 2203; x_wconf 70' lang='lat' dir='ltr'>morbmdivinae</span> <span class='ocrx_word' id='word_1_159' title='bbox 457 2150 653 2218; x_wconf 85' lang='lat' dir='ltr'>speculationis</span> <span class='ocrx_word' id='word_1_160' title='bbox 664 2151 822 2214; x_wconf 87' lang='lat' dir='ltr'>ascendens,</span> <span class='ocrx_word' id='word_1_161' title='bbox 832 2166 888 2203; x_wconf 90' lang='lat' dir='ltr'>non</span> <span class='ocrx_word' id='word_1_162' title='bbox 900 2151 958 2203; x_wconf 86' lang='lat' dir='ltr'>sine</span> <span class='ocrx_word' id='word_1_163' title='bbox 970 2150 1032 2204; x_wconf 86' lang='lat' dir='ltr'>stilo</span> <span class='ocrx_word' id='word_1_164' title='bbox 1046 2150 1155 2203; x_wconf 87' lang='lat' dir='ltr'>Domini</span> <span class='ocrx_word' id='word_1_165' title='bbox 1168 2150 1252 2219; x_wconf 76' lang='lat' dir='ltr'>digiti,</span> <span class='ocrx_word' id='word_1_166' title='bbox 1266 2152 1410 2205; x_wconf 86' lang='lat' dir='ltr'>scribentis</span> <span class='ocrx_word' id='word_1_167' title='bbox 1422 2153 1451 2204; x_wconf 90' lang='lat' dir='ltr'>in</span> 
     </span>
     <span class='ocr_line' id='line_1_17' title="bbox 256 2242 1450 2311; baseline 0.008 -17"><span class='ocrx_word' id='word_1_168' title='bbox 256 2242 299 2309; x_wconf 85' lang='lat' dir='ltr'>ejus</span> <span class='ocrx_word' id='word_1_169' title='bbox 306 2246 392 2311; x_wconf 75' lang='lat' dir='ltr'>ammo,</span> <span class='ocrx_word' id='word_1_170' title='bbox 402 2249 454 2301; x_wconf 88' lang='lat' dir='ltr'>sub</span> <span class='ocrx_word' id='word_1_171' title='bbox 472 2248 591 2301; x_wconf 86' lang='lat' dir='ltr'>duarum</span> <span class='ocrx_word' id='word_1_172' title='bbox 610 2248 766 2301; x_wconf 89' lang='lat' dir='ltr'>tabularum</span> <span class='ocrx_word' id='word_1_173' title='bbox 780 2247 957 2301; x_wconf 83' lang='lat' dir='ltr'>slmilitudine</span> <span class='ocrx_word' id='word_1_174' title='bbox 969 2248 1112 2301; x_wconf 88' lang='lat' dir='ltr'>scientiam</span> <span class='ocrx_word' id='word_1_175' title='bbox 1125 2249 1242 2302; x_wconf 90' lang='lat' dir='ltr'>duorum</span> <span class='ocrx_word' id='word_1_176' title='bbox 1261 2250 1450 2303; x_wconf 85' lang='lat' dir='ltr'>Testamenta·</span> 
     </span>
    </p>

    <p class='ocr_par' dir='ltr' id='par_1_10' title="bbox 177 2342 1452 2515">
     <span class='ocr_line' id='line_1_18' title="bbox 177 2342 1451 2417; baseline 0.005 -22"><span class='ocrx_word' id='word_1_177' title='bbox 177 2342 179 2365; x_wconf 87' lang='lat'><strong>¹</strong></span> <span class='ocrx_word' id='word_1_178' title='bbox 258 2344 336 2397; x_wconf 82' lang='lat' dir='ltr'>rande</span> <span class='ocrx_word' id='word_1_179' title='bbox 345 2362 447 2399; x_wconf 89' lang='lat' dir='ltr'>summa</span> <span class='ocrx_word' id='word_1_180' title='bbox 460 2352 488 2400; x_wconf 90' lang='lat' dir='ltr'>et</span> <span class='ocrx_word' id='word_1_181' title='bbox 499 2346 554 2399; x_wconf 88' lang='lat' dir='ltr'>altu</span> <span class='ocrx_word' id='word_1_182' title='bbox 566 2346 722 2400; x_wconf 88' lang='lat' dir='ltr'>divinorum</span> <span class='ocrx_word' id='word_1_183' title='bbox 735 2346 923 2414; x_wconf 88' lang='lat' dir='ltr'>speculatione</span> <span class='ocrx_word' id='word_1_184' title='bbox 935 2347 1061 2415; x_wconf 84' lang='lat' dir='ltr'>portarit.</span> <span class='ocrx_word' id='word_1_185' title='bbox 1069 2347 1120 2400; x_wconf 91' lang='lat' dir='ltr'>Hic</span> <span class='ocrx_word' id='word_1_186' title='bbox 1132 2354 1173 2401; x_wconf 86' lang='lat' dir='ltr'>est</span> <span class='ocrx_word' id='word_1_187' title='bbox 1183 2348 1270 2402; x_wconf 90' lang='lat' dir='ltr'>dictus</span> <span class='ocrx_word' id='word_1_188' title='bbox 1282 2365 1299 2402; x_wconf 86' lang='lat' dir='ltr'>a</span> <span class='ocrx_word' id='word_1_189' title='bbox 1311 2351 1363 2414; x_wconf 84' lang='lat' dir='ltr'>ber,</span> <span class='ocrx_word' id='word_1_190' title='bbox 1377 2349 1451 2417; x_wconf 85' lang='lat' dir='ltr'>qnod</span> 
     </span>
     <span class='ocr_line' id='line_1_19' title="bbox 261 2441 1452 2515; baseline 0.008 -24"><span class='ocrx_word' id='word_1_191' title='bbox 261 2441 343 2496; x_wconf 64' lang='lat' dir='ltr'>saluus</span> <span class='ocrx_word' id='word_1_192' title='bbox 353 2445 391 2498; x_wconf 88' lang='lat' dir='ltr'>rel</span> <span class='ocrx_word' id='word_1_193' title='bbox 402 2451 507 2513; x_wconf 88' lang='lat' dir='ltr'>putens.</span> <span class='ocrx_word' id='word_1_194' title='bbox 517 2446 585 2499; x_wconf 86' lang='lat' dir='ltr'>Nam</span> <span class='ocrx_word' id='word_1_195' title='bbox 599 2446 651 2500; x_wconf 84' lang='lat' dir='ltr'>tuit</span> <span class='ocrx_word' id='word_1_196' title='bbox 661 2451 760 2514; x_wconf 84' lang='lat' dir='ltr'>puteus</span> <span class='ocrx_word' id='word_1_197' title='bbox 772 2446 799 2499; x_wconf 91' lang='lat' dir='ltr'>in</span> <span class='ocrx_word' id='word_1_198' title='bbox 812 2447 932 2500; x_wconf 78' lang='lat' dir='ltr'>scientie</span> <span class='ocrx_word' id='word_1_199' title='bbox 945 2447 1138 2514; x_wconf 82' lang='lat' dir='ltr'>profunditate,</span> <span class='ocrx_word' id='word_1_200' title='bbox 1148 2447 1210 2500; x_wconf 86' lang='lat' dir='ltr'>lons</span> <span class='ocrx_word' id='word_1_201' title='bbox 1223 2447 1250 2500; x_wconf 92' lang='lat' dir='ltr'>in</span> <span class='ocrx_word' id='word_1_202' title='bbox 1262 2447 1452 2515; x_wconf 87' lang='lat' dir='ltr'>copiosissima</span> 
     </span>
    </p>
   </div>
   <div class='ocr_carea' id='block_1_5' title="bbox 232 2539 1452 2718">
    <p class='ocr_par' dir='ltr' id='par_1_11' title="bbox 232 2539 1452 2718">
     <span class='ocr_line' id='line_1_20' title="bbox 262 2539 1452 2620; baseline 0.007 -23"><span class='ocrx_word' id='word_1_203' title='bbox 262 2539 408 2602; x_wconf 68' lang='lat' dir='ltr'>iudanamm</span> <span class='ocrx_word' id='word_1_204' title='bbox 424 2549 608 2617; x_wconf 77' lang='lat' dir='ltr'>emanatione.</span> <span class='ocrx_word' id='word_1_205' title='bbox 622 2549 690 2603; x_wconf 91' lang='lat' dir='ltr'>Nam</span> <span class='ocrx_word' id='word_1_206' title='bbox 702 2551 781 2620; x_wconf 87' lang='lat' dir='ltr'>quasi</span> <span class='ocrx_word' id='word_1_207' title='bbox 793 2550 897 2604; x_wconf 89' lang='lat' dir='ltr'>Phison</span> <span class='ocrx_word' id='word_1_208' title='bbox 909 2550 1008 2604; x_wconf 81' lang='lat' dir='ltr'>dirime</span> <span class='ocrx_word' id='word_1_209' title='bbox 1021 2550 1162 2618; x_wconf 75' lang='lat' dir='ltr'>sapientia</span> <span class='ocrx_word' id='word_1_210' title='bbox 1174 2550 1317 2604; x_wconf 89' lang='lat' dir='ltr'>stillicidiis</span> <span class='ocrx_word' id='word_1_211' title='bbox 1329 2555 1355 2604; x_wconf 90' lang='lat' dir='ltr'>et</span> <span class='ocrx_word' id='word_1_212' title='bbox 1367 2566 1452 2605; x_wconf 86' lang='lat' dir='ltr'>sacrae</span> 
     </span>
     <span class='ocr_line' id='line_1_21' title="bbox 232 2635 1452 2718; baseline 0.006 -23"><span class='ocrx_word' id='word_1_213' title='bbox 232 2635 367 2709; x_wconf 61' lang='lat' dir='ltr'>”tenplum</span> <span class='ocrx_word' id='word_1_214' title='bbox 377 2648 517 2716; x_wconf 89' lang='lat' dir='ltr'>prollnviis</span> <span class='ocrx_word' id='word_1_215' title='bbox 530 2649 645 2717; x_wconf 71' lang='lat' dir='ltr'>irrignus</span> <span class='ocrx_word' id='word_1_216' title='bbox 657 2649 709 2702; x_wconf 86' lang='lat' dir='ltr'>luit</span> <span class='ocrx_word' id='word_1_217' title='bbox 720 2649 893 2718; x_wconf 78' lang='lat' dir='ltr'>adimpletus,</span> <span class='ocrx_word' id='word_1_218' title='bbox 906 2650 956 2702; x_wconf 91' lang='lat' dir='ltr'>Hic</span> <span class='ocrx_word' id='word_1_219' title='bbox 969 2650 1047 2718; x_wconf 83' lang='lat' dir='ltr'>quasi</span> <span class='ocrx_word' id='word_1_220' title='bbox 1060 2649 1129 2703; x_wconf 87' lang='lat' dir='ltr'>Gion</span> <span class='ocrx_word' id='word_1_221' title='bbox 1142 2650 1240 2703; x_wconf 92' lang='lat' dir='ltr'>intima</span> <span class='ocrx_word' id='word_1_222' title='bbox 1257 2649 1360 2703; x_wconf 89' lang='lat' dir='ltr'>viscera</span> <span class='ocrx_word' id='word_1_223' title='bbox 1373 2655 1452 2703; x_wconf 79' lang='lat' dir='ltr'>terrae</span> 
     </span>
    </p>
   </div>
   <div class='ocr_carea' id='block_1_6' title="bbox 177 2741 1454 4693">
    <p class='ocr_par' dir='ltr' id='par_1_12' title="bbox 264 2741 1453 2817">
     <span class='ocr_line' id='line_1_22' title="bbox 264 2741 1453 2817; baseline 0.008 -26"><span class='ocrx_word' id='word_1_224' title='bbox 264 2741 460 2801; x_wconf 78' lang='lat' dir='ltr'>tctotiusnaturae</span> <span class='ocrx_word' id='word_1_225' title='bbox 468 2748 605 2817; x_wconf 83' lang='lat' dir='ltr'>protunda</span> <span class='ocrx_word' id='word_1_226' title='bbox 616 2748 747 2817; x_wconf 79' lang='lat' dir='ltr'>singulari</span> <span class='ocrx_word' id='word_1_227' title='bbox 756 2748 897 2817; x_wconf 79' lang='lat' dir='ltr'>privilegio</span> <span class='ocrx_word' id='word_1_228' title='bbox 910 2765 987 2802; x_wconf 88' lang='lat' dir='ltr'>more</span> <span class='ocrx_word' id='word_1_229' title='bbox 1004 2746 1082 2802; x_wconf 89' lang='lat' dir='ltr'>lincis</span> <span class='ocrx_word' id='word_1_230' title='bbox 1091 2748 1283 2817; x_wconf 90' lang='lat' dir='ltr'>limpidissimo</span> <span class='ocrx_word' id='word_1_231' title='bbox 1293 2749 1373 2802; x_wconf 86' lang='lat' dir='ltr'>oculo</span> <span class='ocrx_word' id='word_1_232' title='bbox 1386 2749 1453 2802; x_wconf 83' lang='lat' dir='ltr'>erti-</span> 
     </span>
    </p>

    <p class='ocr_par' dir='ltr' id='par_1_13' title="bbox 265 2838 1452 3016">
     <span class='ocr_line' id='line_1_23' title="bbox 265 2838 1452 2916; baseline 0.008 -24"><span class='ocrx_word' id='word_1_233' title='bbox 265 2838 311 2891; x_wconf 66' lang='lat' dir='ltr'>leat</span> <span class='ocrx_word' id='word_1_234' title='bbox 318 2846 512 2914; x_wconf 87' lang='lat' dir='ltr'>contemplatus.</span> <span class='ocrx_word' id='word_1_235' title='bbox 533 2847 585 2900; x_wconf 90' lang='lat' dir='ltr'>Hic</span> <span class='ocrx_word' id='word_1_236' title='bbox 601 2848 680 2915; x_wconf 83' lang='lat' dir='ltr'>quasi</span> <span class='ocrx_word' id='word_1_237' title='bbox 698 2847 787 2916; x_wconf 82' lang='lat' dir='ltr'>Tigris</span> <span class='ocrx_word' id='word_1_238' title='bbox 804 2846 989 2916; x_wconf 72' lang='lat' dir='ltr'>intelligentia</span> <span class='ocrx_word' id='word_1_239' title='bbox 1008 2864 1065 2900; x_wconf 75' lang='lat' dir='ltr'>suae</span> <span class='ocrx_word' id='word_1_240' title='bbox 1083 2847 1169 2900; x_wconf 85' lang='lat' dir='ltr'>oculis</span> <span class='ocrx_word' id='word_1_241' title='bbox 1191 2848 1321 2901; x_wconf 85' lang='lat' dir='ltr'>velociter</span> <span class='ocrx_word' id='word_1_242' title='bbox 1339 2864 1452 2901; x_wconf 90' lang='lat' dir='ltr'>currens</span> 
     </span>
     <span class='ocr_line' id='line_1_24' title="bbox 265 2939 1452 3016; baseline 0.004 -22"><span class='ocrx_word' id='word_1_243' title='bbox 265 2939 352 2994; x_wconf 75' lang='lat' dir='ltr'>tunium</span> <span class='ocrx_word' id='word_1_244' title='bbox 366 2945 498 3000; x_wconf 85' lang='lat' dir='ltr'>scibilium</span> <span class='ocrx_word' id='word_1_245' title='bbox 511 2962 542 2999; x_wconf 90' lang='lat' dir='ltr'>ac</span> <span class='ocrx_word' id='word_1_246' title='bbox 554 2945 730 2999; x_wconf 88' lang='lat' dir='ltr'>scientiarum</span> <span class='ocrx_word' id='word_1_247' title='bbox 744 2945 865 2999; x_wconf 82' lang='lat' dir='ltr'>difficilia</span> <span class='ocrx_word' id='word_1_248' title='bbox 878 2952 905 2999; x_wconf 91' lang='lat' dir='ltr'>et</span> <span class='ocrx_word' id='word_1_249' title='bbox 917 2946 1023 3000; x_wconf 88' lang='lat' dir='ltr'>occulta</span> <span class='ocrx_word' id='word_1_250' title='bbox 1035 2947 1154 3016; x_wconf 90' lang='lat' dir='ltr'>quodam</span> <span class='ocrx_word' id='word_1_251' title='bbox 1167 2946 1375 3014; x_wconf 88' lang='lat' dir='ltr'>incomparabili</span> <span class='ocrx_word' id='word_1_252' title='bbox 1387 2963 1452 3015; x_wconf 79' lang='lat' dir='ltr'>prae·</span> 
     </span>
    </p>

    <p class='ocr_par' dir='ltr' id='par_1_14' title="bbox 233 3035 1453 4098">
     <span class='ocr_line' id='line_1_25' title="bbox 266 3035 1452 3114; baseline 0.002 -17"><span class='ocrx_word' id='word_1_253' title='bbox 266 3035 318 3089; x_wconf 81' lang='lat' dir='ltr'>torio</span> <span class='ocrx_word' id='word_1_254' title='bbox 325 3049 497 3108; x_wconf 84' lang='lat' dir='ltr'>perscrutatus</span> <span class='ocrx_word' id='word_1_255' title='bbox 509 3051 557 3099; x_wconf 85' lang='lat' dir='ltr'>est</span> <span class='ocrx_word' id='word_1_256' title='bbox 576 3045 627 3099; x_wconf 87' lang='lat' dir='ltr'>Hic</span> <span class='ocrx_word' id='word_1_257' title='bbox 644 3044 723 3114; x_wconf 89' lang='lat' dir='ltr'>quasi</span> <span class='ocrx_word' id='word_1_258' title='bbox 734 3045 860 3098; x_wconf 80' lang='lat' dir='ltr'>Eufrates</span> <span class='ocrx_word' id='word_1_259' title='bbox 871 3045 1058 3113; x_wconf 74' lang='lat' dir='ltr'>superplenuS,</span> <span class='ocrx_word' id='word_1_260' title='bbox 1073 3045 1219 3099; x_wconf 91' lang='lat' dir='ltr'>moralium</span> <span class='ocrx_word' id='word_1_261' title='bbox 1234 3061 1265 3098; x_wconf 91' lang='lat' dir='ltr'>ac</span> <span class='ocrx_word' id='word_1_262' title='bbox 1283 3045 1452 3099; x_wconf 88' lang='lat' dir='ltr'>naturalium</span> 
     </span>
     <span class='ocr_line' id='line_1_26' title="bbox 235 3124 1452 3212; baseline 0.007 -23"><span class='ocrx_word' id='word_1_263' title='bbox 235 3124 405 3196; x_wconf 62' lang='lat' dir='ltr'>”manarum</span> <span class='ocrx_word' id='word_1_264' title='bbox 418 3143 564 3196; x_wconf 87' lang='lat' dir='ltr'>irradiatus</span> <span class='ocrx_word' id='word_1_265' title='bbox 572 3143 772 3212; x_wconf 85' lang='lat' dir='ltr'>splendoribus,</span> <span class='ocrx_word' id='word_1_266' title='bbox 781 3143 882 3196; x_wconf 89' lang='lat' dir='ltr'>artium</span> <span class='ocrx_word' id='word_1_267' title='bbox 891 3142 1045 3196; x_wconf 88' lang='lat' dir='ltr'>liberalium</span> <span class='ocrx_word' id='word_1_268' title='bbox 1056 3143 1208 3210; x_wconf 74' lang='lat' dir='ltr'>fulgoribus</span> <span class='ocrx_word' id='word_1_269' title='bbox 1217 3143 1331 3207; x_wconf 87' lang='lat' dir='ltr'>clarens,</span> <span class='ocrx_word' id='word_1_270' title='bbox 1342 3144 1452 3198; x_wconf 90' lang='lat' dir='ltr'>insolito</span> 
     </span>
     <span class='ocr_line' id='line_1_27' title="bbox 265 3234 1453 3310; baseline -0.001 -16"><span class='ocrx_word' id='word_1_271' title='bbox 265 3234 435 3309; x_wconf 69' lang='lat' dir='ltr'>ultimaque</span> <span class='ocrx_word' id='word_1_272' title='bbox 446 3240 571 3295; x_wconf 90' lang='lat' dir='ltr'>inaudito</span> <span class='ocrx_word' id='word_1_273' title='bbox 583 3241 707 3310; x_wconf 76' lang='lat' dir='ltr'>prodigio</span> <span class='ocrx_word' id='word_1_274' title='bbox 725 3242 776 3295; x_wconf 83' lang='lat' dir='ltr'>fuit</span> <span class='ocrx_word' id='word_1_275' title='bbox 786 3241 901 3296; x_wconf 82' lang='lat' dir='ltr'>mirifice</span> <span class='ocrx_word' id='word_1_276' title='bbox 913 3241 1080 3293; x_wconf 88' lang='lat' dir='ltr'>illustratus:</span> <span class='ocrx_word' id='word_1_277' title='bbox 1094 3246 1124 3294; x_wconf 94' lang='lat' dir='ltr'>ut</span> <span class='ocrx_word' id='word_1_278' title='bbox 1136 3240 1204 3293; x_wconf 91' lang='lat' dir='ltr'>nulli</span> <span class='ocrx_word' id='word_1_279' title='bbox 1213 3240 1248 3293; x_wconf 91' lang='lat' dir='ltr'>sit</span> <span class='ocrx_word' id='word_1_280' title='bbox 1257 3240 1371 3295; x_wconf 89' lang='lat' dir='ltr'>dubium</span> <span class='ocrx_word' id='word_1_281' title='bbox 1384 3241 1453 3309; x_wconf 87' lang='lat' dir='ltr'>quin</span> 
     </span>
     <span class='ocr_line' id='line_1_28' title="bbox 266 3324 1453 3410; baseline 0.001 -17"><span class='ocrx_word' id='word_1_282' title='bbox 266 3324 382 3393; x_wconf 68' lang='lat' dir='ltr'>lltritille</span> <span class='ocrx_word' id='word_1_283' title='bbox 393 3340 492 3393; x_wconf 87' lang='lat' dir='ltr'>lluvius</span> <span class='ocrx_word' id='word_1_284' title='bbox 509 3340 648 3395; x_wconf 81' lang='lat' dir='ltr'>maximus</span> <span class='ocrx_word' id='word_1_285' title='bbox 663 3341 710 3409; x_wconf 87' lang='lat' dir='ltr'>qui</span> <span class='ocrx_word' id='word_1_286' title='bbox 727 3342 763 3394; x_wconf 92' lang='lat' dir='ltr'>ad</span> <span class='ocrx_word' id='word_1_287' title='bbox 780 3341 947 3410; x_wconf 78' lang='lat' dir='ltr'>irrigandum</span> <span class='ocrx_word' id='word_1_288' title='bbox 965 3340 1079 3393; x_wconf 90' lang='lat' dir='ltr'>hortum</span> <span class='ocrx_word' id='word_1_289' title='bbox 1101 3338 1279 3406; x_wconf 85' lang='lat' dir='ltr'>plantationis</span> <span class='ocrx_word' id='word_1_290' title='bbox 1290 3339 1453 3394; x_wconf 86' lang='lat' dir='ltr'>universalis</span> 
     </span>
     <span class='ocr_line' id='line_1_29' title="bbox 264 3422 1453 3508; baseline 0.005 -23"><span class='ocrx_word' id='word_1_291' title='bbox 264 3422 352 3489; x_wconf 75' lang='lat' dir='ltr'>talaia</span> <span class='ocrx_word' id='word_1_292' title='bbox 366 3455 382 3491; x_wconf 92' lang='lat' dir='ltr'>a</span> <span class='ocrx_word' id='word_1_293' title='bbox 398 3439 525 3507; x_wconf 88' lang='lat' dir='ltr'>paradiso</span> <span class='ocrx_word' id='word_1_294' title='bbox 543 3440 662 3501; x_wconf 89' lang='lat' dir='ltr'>Domini,</span> <span class='ocrx_word' id='word_1_295' title='bbox 680 3439 835 3508; x_wconf 87' lang='lat' dir='ltr'>provisione</span> <span class='ocrx_word' id='word_1_296' title='bbox 854 3438 971 3497; x_wconf 80' lang='lat' dir='ltr'>insolita,</span> <span class='ocrx_word' id='word_1_297' title='bbox 990 3439 1136 3491; x_wconf 89' lang='lat' dir='ltr'>emanavit.</span> <span class='ocrx_word' id='word_1_298' title='bbox 1157 3437 1218 3491; x_wconf 85' lang='lat' dir='ltr'>Suae</span> <span class='ocrx_word' id='word_1_299' title='bbox 1240 3438 1313 3491; x_wconf 91' lang='lat' dir='ltr'>enim</span> <span class='ocrx_word' id='word_1_300' title='bbox 1332 3437 1453 3491; x_wconf 83' lang='lat' dir='ltr'>scientiae</span> 
     </span>
     <span class='ocr_line' id='line_1_30' title="bbox 264 3519 1453 3608; baseline 0.003 -22"><span class='ocrx_word' id='word_1_301' title='bbox 264 3519 693 3608; x_wconf 62' lang='lat' dir='ltr'>htltltusridebaturquasiquidam</span> <span class='ocrx_word' id='word_1_302' title='bbox 703 3538 841 3592; x_wconf 84' lang='lat' dir='ltr'>inundans</span> <span class='ocrx_word' id='word_1_303' title='bbox 850 3538 980 3591; x_wconf 77' lang='lat' dir='ltr'>doctrinm</span> <span class='ocrx_word' id='word_1_304' title='bbox 990 3536 1088 3589; x_wconf 88' lang='lat' dir='ltr'>tlurius</span> <span class='ocrx_word' id='word_1_305' title='bbox 1098 3536 1308 3604; x_wconf 84' lang='lat' dir='ltr'>Scripturarum,</span> <span class='ocrx_word' id='word_1_306' title='bbox 1318 3536 1365 3604; x_wconf 88' lang='lat' dir='ltr'>qui</span> <span class='ocrx_word' id='word_1_307' title='bbox 1375 3537 1453 3589; x_wconf 89' lang='lat' dir='ltr'>desu-</span> 
     </span>
     <span class='ocr_line' id='line_1_31' title="bbox 233 3616 1453 3704; baseline 0.003 -20"><span class='ocrx_word' id='word_1_308' title='bbox 233 3616 511 3689; x_wconf 61' lang='lat' dir='ltr'>llltltuiensineodern</span> <span class='ocrx_word' id='word_1_309' title='bbox 520 3636 554 3689; x_wconf 91' lang='lat' dir='ltr'>de</span> <span class='ocrx_word' id='word_1_310' title='bbox 564 3635 662 3689; x_wconf 76' lang='lat' dir='ltr'>divinae</span> <span class='ocrx_word' id='word_1_311' title='bbox 671 3636 816 3704; x_wconf 77' lang='lat' dir='ltr'>Sapientia</span> <span class='ocrx_word' id='word_1_312' title='bbox 825 3636 900 3689; x_wconf 84' lang='lat' dir='ltr'>sonte</span> <span class='ocrx_word' id='word_1_313' title='bbox 910 3634 1095 3698; x_wconf 81' lang='lat' dir='ltr'>descenderat,</span> <span class='ocrx_word' id='word_1_314' title='bbox 1105 3651 1189 3702; x_wconf 87' lang='lat' dir='ltr'>quam</span> <span class='ocrx_word' id='word_1_315' title='bbox 1199 3634 1226 3688; x_wconf 92' lang='lat' dir='ltr'>in</span> <span class='ocrx_word' id='word_1_316' title='bbox 1236 3634 1453 3688; x_wconf 88' lang='lat' dir='ltr'>diversoslihros</span> 
     </span>
     <span class='ocr_line' id='line_1_32' title="bbox 264 3724 1453 3801; baseline 0.003 -20"><span class='ocrx_word' id='word_1_317' title='bbox 264 3724 344 3781; x_wconf 63' lang='lat' dir='ltr'>masii„</span> <span class='ocrx_word' id='word_1_318' title='bbox 352 3731 470 3786; x_wconf 87' lang='lat' dir='ltr'>diversos</span> <span class='ocrx_word' id='word_1_319' title='bbox 481 3733 584 3787; x_wconf 82' lang='lat' dir='ltr'>rivulos</span> <span class='ocrx_word' id='word_1_320' title='bbox 596 3733 740 3797; x_wconf 89' lang='lat' dir='ltr'>derivaret,</span> <span class='ocrx_word' id='word_1_321' title='bbox 752 3738 782 3786; x_wconf 91' lang='lat' dir='ltr'>nt</span> <span class='ocrx_word' id='word_1_322' title='bbox 791 3732 882 3785; x_wconf 89' lang='lat' dir='ltr'>aridus</span> <span class='ocrx_word' id='word_1_323' title='bbox 894 3749 991 3785; x_wconf 84' lang='lat' dir='ltr'>cervus</span> <span class='ocrx_word' id='word_1_324' title='bbox 1001 3732 1115 3785; x_wconf 88' lang='lat' dir='ltr'>humani</span> <span class='ocrx_word' id='word_1_325' title='bbox 1125 3733 1214 3785; x_wconf 81' lang='lat' dir='ltr'>cordis</span> <span class='ocrx_word' id='word_1_326' title='bbox 1226 3734 1261 3786; x_wconf 92' lang='lat' dir='ltr'>ad</span> <span class='ocrx_word' id='word_1_327' title='bbox 1274 3733 1371 3801; x_wconf 85' lang='lat' dir='ltr'>ipsum,</span> <span class='ocrx_word' id='word_1_328' title='bbox 1379 3732 1453 3785; x_wconf 87' lang='lat' dir='ltr'>velut</span> 
     </span>
     <span class='ocr_line' id='line_1_33' title="bbox 264 3816 1453 3901; baseline 0.01 -29"><span class='ocrx_word' id='word_1_329' title='bbox 264 3816 371 3884; x_wconf 76' lang='lat' dir='ltr'>utentem</span> <span class='ocrx_word' id='word_1_330' title='bbox 383 3830 505 3885; x_wconf 89' lang='lat' dir='ltr'>rividum</span> <span class='ocrx_word' id='word_1_331' title='bbox 515 3837 543 3885; x_wconf 89' lang='lat' dir='ltr'>et</span> <span class='ocrx_word' id='word_1_332' title='bbox 551 3849 626 3886; x_wconf 88' lang='lat' dir='ltr'>mare</span> <span class='ocrx_word' id='word_1_333' title='bbox 635 3849 765 3901; x_wconf 83' lang='lat' dir='ltr'>magnum</span> <span class='ocrx_word' id='word_1_334' title='bbox 774 3831 959 3886; x_wconf 77' lang='lat' dir='ltr'>exuberantia</span> <span class='ocrx_word' id='word_1_335' title='bbox 968 3831 1185 3894; x_wconf 81' lang='lat' dir='ltr'>inexhauribilis,</span> <span class='ocrx_word' id='word_1_336' title='bbox 1195 3831 1290 3885; x_wconf 88' lang='lat' dir='ltr'>sitiens</span> <span class='ocrx_word' id='word_1_337' title='bbox 1301 3837 1331 3884; x_wconf 91' lang='lat' dir='ltr'>ut</span> <span class='ocrx_word' id='word_1_338' title='bbox 1340 3830 1416 3884; x_wconf 88' lang='lat' dir='ltr'>bibat</span> <span class='ocrx_word' id='word_1_339' title='bbox 1425 3836 1453 3884; x_wconf 90' lang='lat' dir='ltr'>et</span> 
     </span>
     <span class='ocr_line' id='line_1_34' title="bbox 264 3922 1452 3999; baseline 0 -17"><span class='ocrx_word' id='word_1_340' title='bbox 264 3922 362 3982; x_wconf 59' lang='lat' dir='ltr'>stuata</span> <span class='ocrx_word' id='word_1_341' title='bbox 368 3936 550 3985; x_wconf 78' lang='lat' dir='ltr'>convertatur.</span> <span class='ocrx_word' id='word_1_342' title='bbox 559 3929 609 3985; x_wconf 85' lang='lat' dir='ltr'>llic</span> <span class='ocrx_word' id='word_1_343' title='bbox 619 3937 659 3985; x_wconf 87' lang='lat' dir='ltr'>est</span> <span class='ocrx_word' id='word_1_344' title='bbox 668 3931 797 3984; x_wconf 71' lang='lat' dir='ltr'>albertus</span> <span class='ocrx_word' id='word_1_345' title='bbox 806 3931 893 3984; x_wconf 88' lang='lat' dir='ltr'>dictus</span> <span class='ocrx_word' id='word_1_346' title='bbox 907 3932 980 3983; x_wconf 80' lang='lat' dir='ltr'>Tlras</span> <span class='ocrx_word' id='word_1_347' title='bbox 989 3936 1100 3999; x_wconf 89' lang='lat' dir='ltr'>propter</span> <span class='ocrx_word' id='word_1_348' title='bbox 1112 3930 1288 3999; x_wconf 79' lang='lat' dir='ltr'>fragrantiam</span> <span class='ocrx_word' id='word_1_349' title='bbox 1299 3930 1363 3983; x_wconf 84' lang='lat' dir='ltr'>ritae</span> <span class='ocrx_word' id='word_1_350' title='bbox 1372 3946 1452 3983; x_wconf 90' lang='lat' dir='ltr'>mun·</span> 
     </span>
     <span class='ocr_line' id='line_1_35' title="bbox 263 4011 1451 4098; baseline 0.003 -18"><span class='ocrx_word' id='word_1_351' title='bbox 263 4011 347 4079; x_wconf 51' lang='lat' dir='ltr'>illilus</span> <span class='ocrx_word' id='word_1_352' title='bbox 359 4035 438 4098; x_wconf 87' lang='lat' dir='ltr'>atque</span> <span class='ocrx_word' id='word_1_353' title='bbox 448 4029 580 4087; x_wconf 74' lang='lat' dir='ltr'>doctrinar</span> <span class='ocrx_word' id='word_1_354' title='bbox 587 4031 710 4083; x_wconf 77' lang='lat' dir='ltr'>sanctae*</span> <span class='ocrx_word' id='word_1_355' title='bbox 728 4035 756 4083; x_wconf 91' lang='lat' dir='ltr'>et</span> <span class='ocrx_word' id='word_1_356' title='bbox 772 4029 923 4082; x_wconf 72' lang='lat' dir='ltr'>odoriferae.</span> <span class='ocrx_word' id='word_1_357' title='bbox 943 4029 1038 4082; x_wconf 80' lang='lat' dir='ltr'>Tantae</span> <span class='ocrx_word' id='word_1_358' title='bbox 1055 4029 1129 4082; x_wconf 91' lang='lat' dir='ltr'>enim</span> <span class='ocrx_word' id='word_1_359' title='bbox 1147 4029 1298 4083; x_wconf 82' lang='lat' dir='ltr'>sanctitatis</span> <span class='ocrx_word' id='word_1_360' title='bbox 1311 4029 1369 4094; x_wconf 80' lang='lat' dir='ltr'>luit,</span> <span class='ocrx_word' id='word_1_361' title='bbox 1381 4034 1412 4083; x_wconf 91' lang='lat' dir='ltr'>ut</span> <span class='ocrx_word' id='word_1_362' title='bbox 1424 4030 1451 4083; x_wconf 91' lang='lat' dir='ltr'>in</span> 
     </span>
    </p>

    <p class='ocr_par' dir='ltr' id='par_1_15' title="bbox 228 4108 1452 4296">
     <span class='ocr_line' id='line_1_36' title="bbox 228 4108 1452 4196; baseline 0.007 -22"><span class='ocrx_word' id='word_1_363' title='bbox 228 4110 253 4161; x_wconf 67' lang='lat'>³⁵</span> <span class='ocrx_word' id='word_1_364' title='bbox 263 4108 353 4179; x_wconf 75' lang='lat' dir='ltr'>Rouana</span> <span class='ocrx_word' id='word_1_365' title='bbox 367 4127 440 4181; x_wconf 90' lang='lat' dir='ltr'>curia</span> <span class='ocrx_word' id='word_1_366' title='bbox 455 4132 582 4196; x_wconf 84' lang='lat' dir='ltr'>tempore</span> <span class='ocrx_word' id='word_1_367' title='bbox 593 4145 649 4196; x_wconf 89' lang='lat' dir='ltr'>quo</span> <span class='ocrx_word' id='word_1_368' title='bbox 662 4128 759 4181; x_wconf 87' lang='lat' dir='ltr'>beatus</span> <span class='ocrx_word' id='word_1_369' title='bbox 771 4128 892 4181; x_wconf 86' lang='lat' dir='ltr'>Thomas</span> <span class='ocrx_word' id='word_1_370' title='bbox 905 4128 938 4180; x_wconf 91' lang='lat' dir='ltr'>de</span> <span class='ocrx_word' id='word_1_371' title='bbox 951 4127 1070 4196; x_wconf 79' lang='lat' dir='ltr'>Aquino,</span> <span class='ocrx_word' id='word_1_372' title='bbox 1088 4128 1146 4194; x_wconf 85' lang='lat' dir='ltr'>ejus</span> <span class='ocrx_word' id='word_1_373' title='bbox 1164 4128 1236 4181; x_wconf 86' lang='lat' dir='ltr'>tilius</span> <span class='ocrx_word' id='word_1_374' title='bbox 1254 4129 1281 4181; x_wconf 91' lang='lat' dir='ltr'>in</span> <span class='ocrx_word' id='word_1_375' title='bbox 1299 4130 1407 4183; x_wconf 85' lang='lat' dir='ltr'>Christo</span> <span class='ocrx_word' id='word_1_376' title='bbox 1425 4134 1452 4183; x_wconf 95' lang='lat' dir='ltr'>et</span> 
     </span>
     <span class='ocr_line' id='line_1_37' title="bbox 262 4209 1452 4296; baseline 0.005 -19"><span class='ocrx_word' id='word_1_377' title='bbox 262 4209 377 4289; x_wconf 53' lang='lat' dir='ltr'>&amp;tiburs</span> <span class='ocrx_word' id='word_1_378' title='bbox 388 4228 437 4281; x_wconf 90' lang='lat' dir='ltr'>luit</span> <span class='ocrx_word' id='word_1_379' title='bbox 449 4231 609 4281; x_wconf 88' lang='lat' dir='ltr'>sanctorum</span> <span class='ocrx_word' id='word_1_380' title='bbox 618 4227 743 4296; x_wconf 76' lang='lat' dir='ltr'>catalogo</span> <span class='ocrx_word' id='word_1_381' title='bbox 761 4227 917 4294; x_wconf 89' lang='lat' dir='ltr'>asscriptus,</span> <span class='ocrx_word' id='word_1_382' title='bbox 926 4227 960 4280; x_wconf 87' lang='lat' dir='ltr'>de</span> <span class='ocrx_word' id='word_1_383' title='bbox 974 4226 1059 4295; x_wconf 84' lang='lat' dir='ltr'>ipsius</span> <span class='ocrx_word' id='word_1_384' title='bbox 1068 4227 1273 4281; x_wconf 86' lang='lat' dir='ltr'>canonizatione</span> <span class='ocrx_word' id='word_1_385' title='bbox 1284 4233 1452 4283; x_wconf 89' lang='lat' dir='ltr'>tractaretur.</span> 
     </span>
    </p>

    <p class='ocr_par' dir='ltr' id='par_1_16' title="bbox 177 4306 1454 4693">
     <span class='ocr_line' id='line_1_38' title="bbox 177 4306 1451 4395; baseline 0.014 -31"><span class='ocrx_word' id='word_1_386' title='bbox 177 4324 182 4395; x_wconf 61' lang='lat'>1</span> <span class='ocrx_word' id='word_1_387' title='bbox 262 4306 403 4393; x_wconf 82' lang='lat' dir='ltr'>Undeinejus</span> <span class='ocrx_word' id='word_1_388' title='bbox 410 4324 593 4380; x_wconf 81' lang='lat' dir='ltr'>reverentiam</span> <span class='ocrx_word' id='word_1_389' title='bbox 604 4331 630 4379; x_wconf 88' lang='lat' dir='ltr'>et</span> <span class='ocrx_word' id='word_1_390' title='bbox 639 4326 775 4380; x_wconf 90' lang='lat' dir='ltr'>honorem</span> <span class='ocrx_word' id='word_1_391' title='bbox 785 4326 813 4380; x_wconf 93' lang='lat' dir='ltr'>in</span> <span class='ocrx_word' id='word_1_392' title='bbox 823 4343 879 4380; x_wconf 82' lang='lat' dir='ltr'>suae</span> <span class='ocrx_word' id='word_1_393' title='bbox 889 4326 1039 4379; x_wconf 80' lang='lat' dir='ltr'>nativitatis</span> <span class='ocrx_word' id='word_1_394' title='bbox 1049 4326 1109 4379; x_wconf 89' lang='lat' dir='ltr'>loeo</span> <span class='ocrx_word' id='word_1_395' title='bbox 1119 4331 1230 4394; x_wconf 90' lang='lat' dir='ltr'>propter</span> <span class='ocrx_word' id='word_1_396' title='bbox 1238 4327 1340 4381; x_wconf 90' lang='lat' dir='ltr'>multas</span> <span class='ocrx_word' id='word_1_397' title='bbox 1349 4328 1451 4382; x_wconf 89' lang='lat' dir='ltr'>ibidem</span> 
     </span>
     <span class='ocr_line' id='line_1_39' title="bbox 177 4404 1453 4495; baseline 0.005 -20"><span class='ocrx_word' id='word_1_398' title='bbox 177 4404 181 4491; x_wconf 61' lang='lat'>,¹</span> <span class='ocrx_word' id='word_1_399' title='bbox 261 4415 350 4475; x_wconf 53' lang='lat' dir='ltr'>mum</span> <span class='ocrx_word' id='word_1_400' title='bbox 359 4425 474 4480; x_wconf 86' lang='lat' dir='ltr'>Domino</span> <span class='ocrx_word' id='word_1_401' title='bbox 486 4424 653 4479; x_wconf 84' lang='lat' dir='ltr'>reverentias</span> <span class='ocrx_word' id='word_1_402' title='bbox 664 4426 791 4495; x_wconf 74' lang='lat' dir='ltr'>quadam</span> <span class='ocrx_word' id='word_1_403' title='bbox 803 4426 907 4493; x_wconf 86' lang='lat' dir='ltr'>capella</span> <span class='ocrx_word' id='word_1_404' title='bbox 924 4425 1057 4478; x_wconf 77' lang='lat' dir='ltr'>aedificata</span> <span class='ocrx_word' id='word_1_405' title='bbox 1075 4430 1123 4479; x_wconf 86' lang='lat' dir='ltr'>est.</span> <span class='ocrx_word' id='word_1_406' title='bbox 1134 4425 1228 4479; x_wconf 84' lang='lat' dir='ltr'>Tantae</span> <span class='ocrx_word' id='word_1_407' title='bbox 1238 4426 1289 4478; x_wconf 85' lang='lat' dir='ltr'>fuit</span> <span class='ocrx_word' id='word_1_408' title='bbox 1298 4427 1453 4495; x_wconf 74' lang='lat' dir='ltr'>fragrantiae</span> 
     </span>
     <span class='ocr_line' id='line_1_40' title="bbox 177 4514 1454 4594; baseline 0.003 -17"><span class='ocrx_word' id='word_1_409' title='bbox 177 4524 181 4589; x_wconf 75' lang='lat'>²,</span> <span class='ocrx_word' id='word_1_410' title='bbox 261 4514 427 4589; x_wconf 60' lang='lat' dir='ltr'>timentia</span> <span class='ocrx_word' id='word_1_411' title='bbox 444 4526 474 4580; x_wconf 87' lang='lat' dir='ltr'>in</span> <span class='ocrx_word' id='word_1_412' title='bbox 491 4524 617 4579; x_wconf 89' lang='lat' dir='ltr'>doctrina</span> <span class='ocrx_word' id='word_1_413' title='bbox 627 4540 685 4589; x_wconf 87' lang='lat' dir='ltr'>sua,</span> <span class='ocrx_word' id='word_1_414' title='bbox 697 4530 728 4579; x_wconf 95' lang='lat' dir='ltr'>ut</span> <span class='ocrx_word' id='word_1_415' title='bbox 741 4524 799 4592; x_wconf 89' lang='lat' dir='ltr'>ipse</span> <span class='ocrx_word' id='word_1_416' title='bbox 811 4542 874 4578; x_wconf 86' lang='lat' dir='ltr'>acer</span> <span class='ocrx_word' id='word_1_417' title='bbox 891 4524 1000 4593; x_wconf 78' lang='lat' dir='ltr'>ingenio</span> <span class='ocrx_word' id='word_1_418' title='bbox 1013 4530 1041 4577; x_wconf 92' lang='lat' dir='ltr'>et</span> <span class='ocrx_word' id='word_1_419' title='bbox 1053 4525 1171 4593; x_wconf 87' lang='lat' dir='ltr'>eloquio,</span> <span class='ocrx_word' id='word_1_420' title='bbox 1184 4524 1212 4578; x_wconf 90' lang='lat' dir='ltr'>in</span> <span class='ocrx_word' id='word_1_421' title='bbox 1224 4525 1454 4594; x_wconf 89' lang='lat' dir='ltr'>disputationibus</span> 
     </span>
     <span class='ocr_line' id='line_1_41' title="bbox 177 4606 1454 4693; baseline 0.005 -20"><span class='ocrx_word' id='word_1_422' title='bbox 177 4616 181 4691; x_wconf 76' lang='lat'>&#39;‚</span> <span class='ocrx_word' id='word_1_423' title='bbox 224 4606 436 4690; x_wconf 58' lang='lat' dir='ltr'>“abactam</span> <span class='ocrx_word' id='word_1_424' title='bbox 448 4623 685 4693; x_wconf 77' lang='lat' dir='ltr'>inquaestionibus</span> <span class='ocrx_word' id='word_1_425' title='bbox 695 4623 834 4677; x_wconf 88' lang='lat' dir='ltr'>solvendis</span> <span class='ocrx_word' id='word_1_426' title='bbox 846 4624 976 4691; x_wconf 82' lang='lat' dir='ltr'>providus</span> <span class='ocrx_word' id='word_1_427' title='bbox 988 4629 1017 4676; x_wconf 86' lang='lat' dir='ltr'>ct</span> <span class='ocrx_word' id='word_1_428' title='bbox 1025 4629 1129 4687; x_wconf 90' lang='lat' dir='ltr'>acutus,</span> <span class='ocrx_word' id='word_1_429' title='bbox 1139 4624 1287 4677; x_wconf 91' lang='lat' dir='ltr'>multarum</span> <span class='ocrx_word' id='word_1_430' title='bbox 1299 4624 1454 4693; x_wconf 77' lang='lat' dir='ltr'>linguarum</span> 
     </span>
    </p>
   </div>
   <div class='ocr_carea' id='block_1_7' title="bbox 177 4710 1453 4839">
    <p class='ocr_par' dir='ltr' id='par_1_17' title="bbox 177 4710 1453 4839">
     <span class='ocr_line' id='line_1_42' title="bbox 177 4710 1453 4803; baseline 0.002 -28"><span class='ocrx_word' id='word_1_431' title='bbox 177 4752 179 4803; x_wconf 59' lang='lat'><em>3</em></span> <span class='ocrx_word' id='word_1_432' title='bbox 260 4710 342 4781; x_wconf 70' lang='lat' dir='ltr'>pentus,</span> <span class='ocrx_word' id='word_1_433' title='bbox 351 4720 376 4776; x_wconf 93' lang='lat' dir='ltr'>in</span> <span class='ocrx_word' id='word_1_434' title='bbox 386 4724 461 4778; x_wconf 90' lang='lat' dir='ltr'>omui</span> <span class='ocrx_word' id='word_1_435' title='bbox 472 4722 587 4777; x_wconf 88' lang='lat' dir='ltr'>scientia</span> <span class='ocrx_word' id='word_1_436' title='bbox 598 4723 720 4777; x_wconf 90' lang='lat' dir='ltr'>eruditus</span> <span class='ocrx_word' id='word_1_437' title='bbox 731 4728 813 4792; x_wconf 82' lang='lat' dir='ltr'>atque</span> <span class='ocrx_word' id='word_1_438' title='bbox 826 4727 962 4790; x_wconf 86' lang='lat' dir='ltr'>expertus,</span> <span class='ocrx_word' id='word_1_439' title='bbox 976 4739 1072 4776; x_wconf 89' lang='lat' dir='ltr'>omnes</span> <span class='ocrx_word' id='word_1_440' title='bbox 1084 4723 1264 4791; x_wconf 89' lang='lat' dir='ltr'>philosophos</span> <span class='ocrx_word' id='word_1_441' title='bbox 1276 4729 1332 4776; x_wconf 92' lang='lat' dir='ltr'>tam</span> <span class='ocrx_word' id='word_1_442' title='bbox 1346 4723 1453 4793; x_wconf 75' lang='lat' dir='ltr'>ingenio</span> 
     </span>
     <span class='ocr_line' id='line_1_43' title="bbox 177 4810 179 4839; baseline 0 0"><span class='ocrx_word' id='word_1_443' title='bbox 177 4810 179 4839; x_wconf 98' lang='grc' dir='ltr'>Ι</span> 
     </span>
    </p>
   </div>
   <div class='ocr_carea' id='block_1_8' title="bbox 0 0 1642 5400">
    <p class='ocr_par' dir='ltr' id='par_1_18' title="bbox 0 0 1642 5400">
     <span class='ocr_line' id='line_1_44' title="bbox 0 0 1642 5400; baseline 0 0"><span class='ocrx_word' id='word_1_444' title='bbox 0 0 1642 5400; x_wconf 95' lang='lat' dir='ltr'> </span> 
     </span>
    </p>
   </div>
  </div>
 </body>
</html>
