3270 5400
186 333 259 406 476
525 354 651 408 curru.
677 355 781 408 cono.
806 354 1084 411 numoansema.

215 653 377 743 (tthVl.
411 653 533 742 (lodex
560 653 664 766 opud
690 655 736 742 D.
764 654 965 767 Phillipps
991 657 1178 766 signatus
1204 656 1396 747 1102068.

222 888 361 944 Foliorum
381 890 436 952 136,
456 889 552 943 lormee
575 891 673 944 media
701 892 806 958 (02372
820 899 845 949 ><
860 891 954 958 0185),
973 891 1053 946 lineis
1070 893 1158 960 plenis
1178 894 1314 963 graphide
1336 896 1420 951 ductis

189 989 406 1044 nitideenaratus
416 989 508 1043 seculo
521 990 577 1043 llll.
585 990 666 1043 Tituli
680 990 810 1044 rubricati
821 995 892 1055 suut,
903 990 1025 1060 itemque
1036 991 1225 1059 utplurimum
1233 993 1419 1062 litteraemajo-

189 1105 247 1153 res;
258 1087 406 1156 aliquando
424 1093 518 1142 tamen
536 1089 629 1143 viridis
646 1089 722 1144 color
742 1089 883 1143 adhibitus
900 1089 959 1143 suit.
971 1090 1080 1144 Eisdem
1104 1107 1170 1146 usus
1191 1096 1234 1145 est
1251 1094 1360 1159 artilex,
1377 1096 1420 1164 qui

188 1188 301 1254 litterae,
313 1188 412 1257 quibus
424 1188 491 1242 rarii
503 1193 636 1243 tractatus
654 1188 795 1257 incipiunt,
816 1187 930 1242 solerter
951 1189 1112 1243 exornavit:
1124 1190 1288 1245 deducendo
1308 1194 1419 1248 subinde

189 1287 257 1342 tales
269 1287 402 1341 linearum
423 1303 556 1353 recursus,
568 1287 806 1357 utphanstaticam
825 1286 944 1356 aliquam
958 1288 1119 1343 animalium
1136 1288 1257 1359 effigiem
1278 1309 1419 1361 repraesen-

189 1391 267 1441 taret.
281 1386 373 1441 Codex
394 1386 445 1440 fuit
464 1388 489 1440 S.
505 1386 612 1440 Martini
633 1386 822 1441 Tomaccnsis.
840 1386 947 1441 Etenim
964 1386 1010 1441 iol.
1024 1389 1049 1441 1¹
1057 1388 1159 1457 scripta
1174 1395 1241 1444 suut
1263 1393 1419 1461 sequentia:

191 1487 274 1541 Liber
282 1487 376 1540 Sancti
386 1488 504 1540 Martini
515 1487 701 1541 Tornucensis.
714 1488 838 1540 Servanti
850 1487 1000 1540 benedictio.
1011 1488 1098 1541 Amen
1110 1489 1204 1542 Amen.
1218 1491 1336 1544 Totienti
1346 1495 1418 1545 maie

191 1588 273 1640 dictio
287 1588 344 1652 riui,
362 1587 419 1652 fiat.
436 1587 539 1640 Eadem
551 1586 650 1640 iterum
669 1585 725 1639 loll.
748 1586 816 1649 135v,
835 1585 1042 1639 recusassem
1058 1585 1104 1640 iol.
1118 1588 1143 1640 1¹
1160 1587 1310 1658 inscriptus
1322 1597 1363 1645 est
1379 1591 1419 1645 hic

190 1688 383 1740 contentorum
406 1684 488 1738 iudex
500 1704 507 1738 t
519 1687 571 1740 Iste
588 1688 657 1739 tiber
674 1688 788 1739 continet
808 1685 912 1737 Bedam
926 1701 1010 1751 super
1027 1687 1113 1739 Actus
1133 1689 1339 1755 Apostolorum,
1360 1693 1420 1746 [ten

190 1786 333 1839 Bedamde
344 1787 445 1838 sancus
457 1787 531 1850 locis,
543 1786 608 1838 Item
624 1787 771 1838 Ysidorum
782 1785 814 1837 eie
830 1785 973 1836 niundon
990 1785 1110 1851 Viibris‚
1122 1787 1189 1840 Item
1201 1789 1375 1842 Jeronimum
1392 1792 1421 1844 de

189 1884 322 1936 hebraicis
342 1885 537 1950 questionibus,
557 1885 623 1937 ltcm
643 1885 782 1952 qrcandum
811 1882 998 1946 namatiouem
1025 1884 1057 1935 eie
1087 1893 1178 1937 sonmo
1203 1888 1337 1952 Martino,
1360 1891 1419 1942 Item

189 1981 394 2048 descriptionem
406 1984 543 2048 quandam
558 1984 669 2035 urbium
686 1990 710 2036 et
729 1983 871 2049 reqionum
884 1987 963 2047 atque
981 1981 1101 2034 locorum-
1117 2000 1174 2050 quc
1191 1987 1222 2038 in
1234 1985 1323 2039 &cra
1335 1988 1419 2056 Scrip

191 2088 255 2134 tura
265 2083 401 2147 teqnntur.

289 2279 417 2356 Brevis
447 2280 612 2354 narratio
647 2282 691 2356 de
716 2287 846 2356 sancto
874 2283 1032 2357 Martino
1063 2289 1100 2357 et
1134 2283 1327 2378 discipulis
1343 2287 1419 2381 ejus

339 2397 412 2492 (fol.
431 2397 636 2494 tir-lle).

225 2527 312 2581 Breve
329 2527 521 2596 compendium
540 2527 609 2581 Vitae
618 2527 781 2581 sanctissimi
800 2527 936 2596 pontilicis
948 2529 1023 2598 quod
1033 2529 1143 2598 incipit:
1156 2532 1374 2601 operaepretium
1387 2541 1419 2586 est

192 2629 276 2681 deiris
288 2643 345 2695 qua
356 2630 385 2681 in
402 2630 484 2695 pestis
501 2635 657 2681 astrictorum
676 2628 790 2694 teqimus
801 2629 841 2680 rel
853 2645 870 2680 a
884 2629 1010 2694 fidelibus
1032 2631 1101 2683 viris
1118 2631 1277 2685 arretininurs
1297 2633 1327 2684 in
1344 2633 1419 2684 laude

193 2727 297 2780 Christi
307 2735 331 2781 et
343 2727 414 2780 beati
426 2728 544 2780 Martini
554 2743 603 2781 nos
615 2729 710 2795 aliqua
721 2727 837 2780 breuiter
848 2728 1010 2794 depromere.

209 3191 391 3282 GGXVII.
421 3193 546 3283 (lodex
572 3195 676 3304 opud
702 3197 749 3285 D.
777 3197 976 3309 Phillipps
1001 3197 1188 3304 signatus
1212 3214 1258 3284 n⁰
1285 3199 1403 3288 2106.

224 3432 364 3487 Foliorum
383 3432 438 3496 158,
455 3430 551 3485 formae
571 3431 669 3485 medice
692 3432 939 3499 (0“,175><0,189),
958 3433 1038 3489 lineis
1059 3434 1155 3504 plenis,
1175 3452 1193 3489 a
1216 3437 1319 3506 duplici
1340 3455 1420 3494 mauu

190 3548 244 3586 sec.
259 3531 308 3584 llll
331 3530 416 3584 nitide
441 3533 575 3583 exaratus.
587 3530 669 3583 Tituli
693 3529 823 3584 rubricati
845 3536 917 3597 suut,
935 3532 1056 3601 itemque
1075 3533 1172 3588 litterae
1191 3536 1322 3604 majores.
1343 3539 1419 3592 luitio

191 3634 329 3686 tractuum
339 3630 423 3683 rubro
435 3628 569 3698 viridique
580 3629 737 3683 commixtis
749 3629 886 3684 coloribus
899 3631 987 3700 prima
998 3631 1089 3686 littera
1099 3632 1219 3702 perbelle
1232 3641 1366 3691 exornata
1376 3642 1420 3691 est

192 3730 299 3785 Codicis
311 3730 387 3797 origo
399 3745 432 3783 ex
442 3728 622 3798 sequentibus
631 3728 791 3784 innotescit:
802 3730 848 3783 iol.
858 3731 883 3784 1¹
893 3730 951 3784 brec
960 3730 1061 3800 scripta
1069 3736 1133 3786 suut
1142 3751 1148 3786 :
1158 3733 1244 3787 biber
1250 3735 1344 3790 Sancti
1351 3739 1421 3790 blar-

191 3832 243 3883 tirn'
264 3830 451 3892 Toruocensis,
463 3832 490 3882 et
508 3827 742 3882 fol.158v:auer
759 3829 852 3882 Sancti
872 3831 991 3883 Martini
1005 3831 1192 3886 Tornuceusis.
1204 3834 1333 3888 Servanti
1352 3837 1421 3890 bene·

191 3930 280 3994 dictio,
290 3930 427 3995 auferenti
438 3929 598 3981 maledictio.
613 3929 706 3981 Amen.

294 4128 329 4199 1Ο
354 4125 454 4201 Libri
470 4131 630 4218 quatuor
648 4127 692 4199 de
705 4126 905 4201 virtutibus
919 4129 955 4202 S.
973 4128 1120 4202 Martini
1139 4130 1214 4226 (fol.
1237 4134 1375 4231 l'·bd'l.

224 4257 294 4310 Editi
307 4257 379 4325 apud
392 4255 488 4324 hiique,
501 4256 529 4309 P.
541 4257 580 4317 L..
593 4260 658 4310 tom.
668 4257 760 4321 Llllll,
772 4273 798 4326 p.
807 4259 854 4312 911
869 4274 927 4328 sqq.

290 4359 338 4430 Et
354 4357 532 4449 [Epistola
562 4357 723 4432 ecclesiae
754 4359 984 4434 Turonensis
1018 4361 1062 4435 de
1096 4361 1287 4438 miraculis
1316 4366 1418 4439 lactis

340 4494 440 4545 anno
462 4474 551 4546 1141
578 4473 616 4545 in
642 4475 804 4547 adventu
833 4474 1071 4567 reliquiarum
1089 4484 1305 4553 sanctarum
1320 4481 1418 4554 Earae

340 4593 375 4660 et
392 4589 559 4681 Agnetis]
576 4588 649 4683 (fol.
670 4589 829 4686 55¹-57vt

226 4717 304 4770 Edita
315 4718 386 4786 apud
398 4719 439 4771 Du
451 4718 559 4783 plessis,
573 4720 694 4773 Histoire
706 4721 737 4772 de
749 4720 847 4788 ticlise
856 4722 888 4774 ele
901 4717 1009 4785 Mesua,
1021 4724 1089 4775 tom.
1103 4721 1134 4786 Π,
1147 4737 1172 4790 p.
1185 4723 1219 4777 36
1227 4740 1288 4794 sqq.
