3270 5400
320 380 401 432 arna.
418 358 501 434 aaa.
519 380 693 433 nnuman.
711 402 757 412 -
775 381 924 434 arpenn.
942 381 989 433 an
1006 381 1086 433 con.
1104 373 1144 433 ΝΟ
1160 379 1286 433 resera.
1345 361 1413 431 137

469 578 523 635 De
542 573 746 648 reoeptlone
767 575 846 648 ejus
867 576 916 635 ad
937 576 1115 635 ordinem.

252 778 279 837 8.
298 780 450 835 Pradicante
465 786 530 835 tunc
551 781 683 849 temporis
703 780 822 834 Parisius
841 782 984 835 strenue*
1006 781 1088 835 tratre
1108 782 1259 850 lteynaldo,
1276 784 1414 840 dardanus

223 878 294 932 dirim
303 884 443 948 praeuentus
458 879 545 947 gratia
556 878 681 946 concepit
692 883 720 931 et
732 878 808 931 vovit
820 878 892 932 intra
903 879 1083 947 semetipsum
1095 879 1227 934 Ordinem
1241 881 1323 935 istum
1341 898 1415 935 assu·

224 992 286 1039 aare
294 976 412 1030 arbitrans
423 992 549 1029 securam
561 992 592 1029 se
609 975 742 1044 reperisse
759 976 896 1033 semitam.
913 977 1024 1044 qualern
1043 978 1126 1031 etiam
1148 983 1212 1031 ante
1230 979 1413 1048 cognitionem

199 1087 212 1133 e
225 1076 312 1127 tabum
321 1074 344 1128 iu
354 1076 444 1128 animo
456 1090 507 1128 suo
524 1090 596 1142 saepe
611 1074 788 1128 deliberando
799 1080 971 1143 conceperat.
983 1068 1061 1129 'Dum
1079 1080 1172 1130 autem
1190 1077 1319 1146 prelatus
1330 1083 1415 1146 pater,

226 1190 311 1240 magnus
319 1174 474 1242 lleynaldus,
483 1174 519 1228 ad
532 1174 617 1227 vitam
626 1179 757 1227 aeternam
767 1189 816 1242 per
824 1179 942 1227 mortem
950 1175 1008 1242 jam
1021 1174 1157 1239 transiret,
1170 1176 1246 1229 risus
1253 1182 1295 1230 est
1305 1177 1415 1231 cuidam

225 1269 382 1338 religiosoloas
390 1270 598 1340 limpidissimus
609 1269 638 1323 iu
650 1269 733 1322 domo
744 1269 837 1322 Sancti
848 1270 942 1324 iacobi
955 1271 1047 1323 subito
1059 1271 1175 1335 arefieri,
1188 1276 1215 1325 et
1227 1272 1375 1340 postillam
1388 1272 1416 1325 in

226 1368 354 1422 adculoco
364 1369 452 1421 rivum
463 1384 593 1436 magnum
606 1366 685 1431 oriri;
695 1366 750 1436 qui,
762 1367 882 1434 primum
893 1384 942 1435 per
952 1367 1026 1420 urbis
1036 1368 1147 1437 plateas,
1160 1369 1259 1423 deinde
1269 1386 1317 1439 per
1328 1375 1415 1423 totam

227 1466 355 1532 provinciam
366 1469 475 1522 lluendo
491 1469 654 1531 discurrens,
665 1467 783 1531 lavabat,
795 1468 916 1537 potabat,
929 1468 1085 1523 laetificabat
1094 1487 1200 1534 omnes,
1212 1476 1239 1525 et
1251 1488 1360 1539 semper
1371 1487 1415 1524 ex·

193 1576 319 1624 recrescens
335 1568 462 1636 usquead
484 1584 560 1621 mare
572 1567 733 1637 perveniens
750 1567 893 1650 influebat..
901 1569 1025 1636 Denique
1045 1574 1107 1637 post
1124 1575 1241 1623 mortem
1260 1570 1324 1624 dicti
1344 1571 1417 1624 beati

228 1660 333 1730 bernaldi,
342 1667 475 1720 Jordanus
487 1667 584 1720 babitu
597 1667 707 1721 Ordinis
724 1667 836 1720 indutus
850 1667 984 1734 justitiam
998 1668 1080 1721 simul
1093 1669 1189 1722 induit.
1202 1670 1339 1738 Factaque
1352 1674 1417 1723 sunt

228 1761 270 1826 ejus
278 1767 471 1820 conversationis
488 1766 639 1834 primordia
656 1765 888 1819 consummationi
905 1767 1088 1834 perlectorum
1106 1768 1214 1833 similia,
1233 1774 1263 1821 ul
1280 1770 1326 1823 vix
1346 1769 1416 1822 inter

228 1869 390 1918 aasumrnatos
402 1866 496 1918 *tilios
507 1865 652 1919 bominum
662 1865 808 1934 quisquam
818 1865 842 1917 ei
852 1865 1051 1920 similisbraleat
1060 1866 1184 1920 inveniri.

264 2059 267 2065 ’
361 2068 539 2138 Quomodo
560 2066 723 2125 intertutt
743 2068 855 2140 prlmo
877 2066 1040 2137 capitulo
1061 2069 1236 2137 generali.

196 2261 219 2308 tl
258 2253 283 2309 4.
301 2257 358 2312 Nam
369 2277 430 2314 cunr
443 2260 565 2313 nondum
579 2265 634 2311 tres
643 2275 752 2312 menses
760 2259 953 2327 complevisset
963 2259 990 2311 in
1000 2257 1109 2322 Ordine,
1122 2260 1222 2312 missus
1235 2265 1276 2312 est
1289 2260 1315 2312 in
1326 2261 1416 2313 Bono-

229 2351 318 2409 nianad
331 2357 480 2426 Capitulum
499 2359 628 2426 primurn,
641 2358 683 2410 cui
703 2356 828 2424 presedit
845 2357 941 2408 beatus
962 2356 1126 2418 Dominicus‚
1145 2357 1273 2424 magister
1294 2363 1321 2410 el
1340 2364 1417 2426 pater

196 2450 199 2455 '
230 2457 398 2523 aesterprimus
411 2457 515 2510 Deinde
524 2473 587 2508 eum
599 2456 785 2524 spiritualibus
795 2455 916 2508 totaliter
925 2455 1031 2507 intenta
1041 2454 1210 2508 innotescere
1224 2457 1349 2524 cepisset
1358 2457 1417 2523 ejus

230 2550 315 2613 palens
324 2555 426 2608 devotio
439 2560 466 2608 et
478 2556 579 2608 devota
590 2555 742 2624 prudentia,
756 2554 783 2606 in
799 2554 923 2622 sequenti
935 2554 1054 2620 generali
1067 2554 1190 2623 Capitale
1210 2555 1362 2623 injunctum
1376 2562 1418 2610 est

231 2647 353 2708 rioilicium
364 2656 500 2723 prioratus
517 2653 665 2723 provincia>
682 2652 854 2705 Lombardire
866 2654 887 2704 *.
900 2652 1080 2715 Postmodum
1101 2652 1233 2705 translato
1250 2654 1284 2706 ad
1301 2655 1415 2722 patriam

197 2747 359 2809 ”melaino
369 2761 445 2824 patre
457 2753 610 2816 Dominico,
621 2769 670 2821 per
679 2752 841 2806 electionem
853 2751 1012 2804 canonicam
1024 2752 1051 2803 in
1061 2752 1141 2804 tertio
1151 2753 1268 2819 generali
1283 2753 1417 2822 Capitale,

231 2850 387 2915 alerannum
399 2861 449 2919 est,
461 2855 496 2907 ad
516 2853 688 2921 Magistratus
705 2851 814 2905 Ordinis
832 2851 953 2904 officium
974 2856 1015 2903 est
1031 2856 1197 2919 assumptas.
1216 2851 1268 2917 Qui
1286 2852 1416 2920 pietatem

230 2945 306 3004 alam
316 2969 365 3007 nou
376 2955 504 3008 deserens
521 2970 553 3005 ac
566 2953 593 3004 in
606 2951 816 3004 mansuetudine
835 2966 917 3018 opera
933 2966 983 3002 sua
1001 2950 1151 3017 perliciens,
1165 2966 1220 3003 non
1233 2956 1339 3003 tantum
1353 2953 1417 3005 irre-

231 3045 398 3107 prebensibilem
410 3054 458 3106 sed
470 3051 633 3105 imitabilem
643 3067 672 3103 se
685 3049 813 3102 omnibus
823 3054 850 3101 el
862 3047 1009 3100 amabilem
1023 3049 1179 3101 exhibebat.
1189 3050 1252 3101 Erat
1268 3050 1340 3102 enim
1353 3051 1415 3119 vigi-

231 3138 271 3196 ltle
283 3155 304 3201 et
315 3152 435 3206 laborans
448 3154 476 3206 in
489 3151 625 3214 omnibus
638 3166 762 3219 opusque
779 3149 951 3216 evangelistae
965 3149 1101 3201 lcrrentcr
1112 3155 1140 3201 et
1152 3150 1250 3202 devote
1262 3151 1372 3214 taciens,
1391 3159 1418 3205 et

198 3235 442 3320 ballicasaagens
454 3257 484 3305 ut
496 3256 668 3319 assumptum
682 3249 749 3302 tanti
762 3248 872 3302 Ordinis
890 3248 1072 3301 ministerium
1086 3248 1165 3315 digne
1178 3255 1204 3301 cl
1217 3249 1320 3302 utiliter
1332 3250 1417 3303 adim·

231 3337 438 3405 ltalTraaabat
449 3351 530 3420 igitur
546 3355 620 3403 recte
638 3350 751 3402 verbum
772 3347 901 3405 veritatis,
920 3347 1070 3400 secundum
1089 3348 1243 3415 apostolum
1262 3349 1416 3416 operarium

231 3430 405 3501 iltcentusibilem
417 3465 448 3501 se
460 3447 602 3507 exhibens,
613 3452 670 3499 tam
682 3445 805 3498 excelsus
816 3445 842 3497 in
854 3444 938 3496 verbo
947 3444 1038 3512 gloriae
1049 3461 1079 3496 ae
1092 3445 1313 3513 *praedicationis
1325 3446 1416 3499 allicio

230 3537 326 3597 mtioas
341 3551 368 3599 et
386 3548 503 3610 fervens,
522 3552 554 3599 ut
575 3546 617 3598 vix
639 3545 664 3598 ei
682 3544 828 3613 quisquam
848 3543 946 3596 similis
965 3543 1000 3595 sit
1018 3543 1153 3595 inventus.
1171 3544 1324 3610 Quamrlam
1343 3544 1416 3597 caim

231 3637 411 3713 ‘leidisgrariae
423 3645 632 3715 praerogativam
644 3662 660 3696 a
670 3645 789 3697 Domino
801 3648 952 3710 acceperat,
965 3647 996 3694 ut
1008 3658 1063 3694 non
1075 3643 1164 3695 solum
1177 3643 1204 3694 in
1216 3644 1417 3710 praedicatione,

198 3723 332 3795 ”teletam
340 3745 365 3798 in
374 3744 501 3798 familiari
511 3743 664 3808 collatione,
673 3759 736 3796 cum
750 3742 969 3811 quibuscumque
983 3746 1198 3801 conversaretur,
1210 3741 1299 3809 ignitis
1309 3758 1417 3810 semper

232 3825 341 3894 Ollium
348 3843 463 3913 eloquiis
470 3849 498 3896 el
506 3842 593 3911 piiset
601 3842 758 3896 efficacibus
765 3841 917 3893 abundaret
925 3839 1065 3908 exemplis,
1073 3844 1104 3893 ut
1112 3841 1262 3893 secundum
1273 3841 1418 3907 cujuslibet

232 3932 371 3995 ardunum
382 3943 495 4011 singulis
512 3942 670 4010 loqueretur
682 3946 710 3993 et
720 3939 890 3993 satisfaceret
902 3944 928 3991 et
945 3939 1097 4006 querrrlibet
1114 3939 1284 3999 hortaretur:
1304 3945 1415 4007 propter

233 4029 369 4095 ll⁰d0maes
379 4043 439 4111 ejus
447 4041 558 4109 eloquia
570 4040 701 4093 sitiebant
713 4040 737 4092 t.

302 4240 343 4300 Ite
361 4244 485 4315 matta
506 4241 657 4316 spectati
677 4239 888 4301 attrahendi
910 4238 1059 4299 clericos
1080 4241 1129 4297 ad
1151 4239 1319 4299 ordinem

208 4316 221 4364 ⁸
653 4339 951 4401 Praedleatomm.

262 4516 288 4574 5·
304 4528 489 4602 Ouitamquam
498 4533 653 4602 negotiator
661 4531 814 4585 animarum
826 4531 948 4599 cupidus,
959 4530 1150 4597 frequentabat
1160 4529 1219 4581 loca
1233 4529 1259 4581 ia
1274 4529 1374 4596 quibus
1384 4531 1417 4582 ad

234 4626 323 4680 mtto
333 4634 468 4698 pecuniam
478 4631 588 4686 Domini
596 4633 638 4685 sui
648 4632 734 4694 daret,
743 4637 773 4684 ut
782 4630 888 4683 animas
898 4629 1069 4683 lucrifaciens
1078 4645 1189 4682 usuram
1199 4628 1317 4681 Domino
1327 4645 1418 4696 repor-

235 4716 409 4785 trel-leaena
422 4732 500 4785 valde
511 4738 543 4785 ul
553 4731 685 4785 Ordinem
699 4730 742 4783 cui
755 4735 872 4798 praerat
888 4729 1040 4797 ampliaret,
1058 4728 1147 4781 scieas
1158 4728 1231 4796 quod
1250 4744 1282 4779 ex
1296 4726 1418 4779 multitu·

1498 1873 1512 1901 ⁸
1524 1874 1579 1926 cod.

1447 1942 1631 1992 consumatis.

1479 2656 1493 2687 *
1506 2657 1535 2706 in
1546 2656 1601 2707 cod.

1469 2723 1612 2788 aliquoties

1453 2785 1626 2841 Lambardia

1500 4037 1513 4066 *
1524 4039 1579 4089 cod.

1475 4101 1604 4155 sciebant
