<?xml version="1.0" encoding="UTF-8"?>
<!DOCTYPE html PUBLIC "-//W3C//DTD XHTML 1.0 Transitional//EN"
    "http://www.w3.org/TR/xhtml1/DTD/xhtml1-transitional.dtd">
<html xmlns="http://www.w3.org/1999/xhtml" xml:lang="en" lang="en">
 <head>
  <title>
</title>
<meta http-equiv="Content-Type" content="text/html;charset=utf-8" />
  <meta name='ocr-system' content='tesseract 3.04.00' />
  <meta name='ocr-capabilities' content='ocr_page ocr_carea ocr_par ocr_line ocrx_word'/>
</head>
<body>
  <div class='ocr_page' id='page_1' title='image "./cataloguscodicu00belggoog_0468.png"; bbox 0 0 3270 5400; ppageno 0'>
   <div class='ocr_carea' id='block_1_1' title="bbox 321 319 1453 394">
    <p class='ocr_par' dir='ltr' id='par_1_1' title="bbox 321 319 1453 394">
     <span class='ocr_line' id='line_1_1' title="bbox 321 319 1453 394; baseline 0.011 -14"><span class='ocrx_word' id='word_1_1' title='bbox 321 330 413 382; x_wconf 81' lang='lat' dir='ltr'>aran.</span> <span class='ocrx_word' id='word_1_2' title='bbox 432 331 514 383; x_wconf 85' lang='lat' dir='ltr'>nuc.</span> <span class='ocrx_word' id='word_1_3' title='bbox 533 333 706 387; x_wconf 75' lang='lat' dir='ltr'>nameus.</span> <span class='ocrx_word' id='word_1_4' title='bbox 726 355 772 365; x_wconf 89' lang='lat'>—</span> <span class='ocrx_word' id='word_1_5' title='bbox 791 333 940 390; x_wconf 74' lang='lat' dir='ltr'>earcuo.</span> <span class='ocrx_word' id='word_1_6' title='bbox 959 336 1354 394; x_wconf 63' lang='lat' dir='ltr'>recommemorata.</span> <span class='ocrx_word' id='word_1_7' title='bbox 1380 319 1453 394; x_wconf 74' lang='lat'>449</span> 
     </span>
    </p>
   </div>
   <div class='ocr_carea' id='block_1_2' title="bbox 221 520 1455 800">
    <p class='ocr_par' dir='ltr' id='par_1_2' title="bbox 221 520 1455 800">
     <span class='ocr_line' id='line_1_2' title="bbox 223 520 1454 600; baseline 0.01 -26"><span class='ocrx_word' id='word_1_8' title='bbox 223 520 312 576; x_wconf 85' lang='lat' dir='ltr'>tiam&#39;i</span> <span class='ocrx_word' id='word_1_9' title='bbox 320 521 345 556; x_wconf 90' lang='grc'>11</span> <span class='ocrx_word' id='word_1_10' title='bbox 361 521 498 590; x_wconf 82' lang='lat' dir='ltr'>Miremur,</span> <span class='ocrx_word' id='word_1_11' title='bbox 511 540 528 577; x_wconf 97' lang='lat' dir='ltr'>o</span> <span class='ocrx_word' id='word_1_12' title='bbox 540 523 613 579; x_wconf 89' lang='lat' dir='ltr'>bone</span> <span class='ocrx_word' id='word_1_13' title='bbox 624 525 705 591; x_wconf 89' lang='lat' dir='ltr'>Deus,</span> <span class='ocrx_word' id='word_1_14' title='bbox 714 529 792 581; x_wconf 88' lang='lat' dir='ltr'>tuam</span> <span class='ocrx_word' id='word_1_15' title='bbox 803 527 896 597; x_wconf 89' lang='lat' dir='ltr'>potius</span> <span class='ocrx_word' id='word_1_16' title='bbox 907 528 1074 583; x_wconf 78' lang='lat' dir='ltr'>ineffabilem</span> <span class='ocrx_word' id='word_1_17' title='bbox 1087 529 1225 598; x_wconf 81' lang='lat' dir='ltr'>pietatem,</span> <span class='ocrx_word' id='word_1_18' title='bbox 1238 530 1284 600; x_wconf 94' lang='lat' dir='ltr'>qui</span> <span class='ocrx_word' id='word_1_19' title='bbox 1295 530 1369 586; x_wconf 83' lang='grc'><strong>111111</strong></span> <span class='ocrx_word' id='word_1_20' title='bbox 1380 531 1454 586; x_wconf 90' lang='lat' dir='ltr'>solli·</span> 
     </span>
     <span class='ocr_line' id='line_1_3' title="bbox 223 620 1454 695; baseline 0.007 -19"><span class='ocrx_word' id='word_1_21' title='bbox 223 620 371 676; x_wconf 75' lang='lat' dir='ltr'><strong>citudinem</strong></span> <span class='ocrx_word' id='word_1_22' title='bbox 385 622 513 689; x_wconf 85' lang='lat' dir='ltr'>indidisti,</span> <span class='ocrx_word' id='word_1_23' title='bbox 526 640 560 678; x_wconf 92' lang='lat' dir='ltr'>ne</span> <span class='ocrx_word' id='word_1_24' title='bbox 572 641 680 694; x_wconf 82' lang='lat' dir='ltr'>semper</span> <span class='ocrx_word' id='word_1_25' title='bbox 690 626 794 695; x_wconf 86' lang='lat' dir='ltr'>jaceret</span> <span class='ocrx_word' id='word_1_26' title='bbox 803 626 832 681; x_wconf 91' lang='lat' dir='ltr'>in</span> <span class='ocrx_word' id='word_1_27' title='bbox 842 627 955 683; x_wconf 89' lang='lat' dir='ltr'>crimine</span> <span class='ocrx_word' id='word_1_28' title='bbox 966 633 1084 695; x_wconf 87' lang='lat' dir='ltr'>mortua,</span> <span class='ocrx_word' id='word_1_29' title='bbox 1095 628 1119 682; x_wconf 87' lang='lat' dir='ltr'>si</span> <span class='ocrx_word' id='word_1_30' title='bbox 1130 629 1253 684; x_wconf 88' lang='lat' dir='ltr'>criminis</span> <span class='ocrx_word' id='word_1_31' title='bbox 1264 635 1420 686; x_wconf 79' lang='lat' dir='ltr'>remaneret</span> <span class='ocrx_word' id='word_1_32' title='bbox 1429 632 1454 666; x_wconf 89' lang='grc'>11</span> 
     </span>
     <span class='ocr_line' id='line_1_4' title="bbox 221 720 1455 800; baseline 0.007 -25"><span class='ocrx_word' id='word_1_33' title='bbox 221 720 324 791; x_wconf 72' lang='lat' dir='ltr'>ignare,</span> <span class='ocrx_word' id='word_1_34' title='bbox 341 739 392 777; x_wconf 89' lang='lat' dir='ltr'>nec</span> <span class='ocrx_word' id='word_1_35' title='bbox 409 723 550 778; x_wconf 78' lang='lat' dir='ltr'>festinaret</span> <span class='ocrx_word' id='word_1_36' title='bbox 567 726 601 779; x_wconf 92' lang='lat' dir='ltr'>ad</span> <span class='ocrx_word' id='word_1_37' title='bbox 616 730 726 794; x_wconf 89' lang='lat' dir='ltr'>portum</span> <span class='ocrx_word' id='word_1_38' title='bbox 744 727 853 797; x_wconf 76' lang='lat' dir='ltr'>navigio</span> <span class='ocrx_word' id='word_1_39' title='bbox 865 729 1037 797; x_wconf 75' lang='lat' dir='ltr'>paenitentiae,</span> <span class='ocrx_word' id='word_1_40' title='bbox 1049 729 1072 783; x_wconf 91' lang='lat' dir='ltr'>si</span> <span class='ocrx_word' id='word_1_41' title='bbox 1088 730 1302 800; x_wconf 64' lang='lat' dir='ltr'>profunditatem</span> <span class='ocrx_word' id='word_1_42' title='bbox 1320 747 1377 786; x_wconf 93' lang='lat' dir='ltr'>non</span> <span class='ocrx_word' id='word_1_43' title='bbox 1389 732 1455 786; x_wconf 90' lang='lat' dir='ltr'>hor·</span> 
     </span>
    </p>
   </div>
   <div class='ocr_carea' id='block_1_3' title="bbox 221 819 487 876">
    <p class='ocr_par' dir='ltr' id='par_1_3' title="bbox 221 819 487 876">
     <span class='ocr_line' id='line_1_5' title="bbox 221 819 487 876; baseline 0.004 -2"><span class='ocrx_word' id='word_1_44' title='bbox 221 819 322 874; x_wconf 78' lang='lat' dir='ltr'>ruisset</span> <span class='ocrx_word' id='word_1_45' title='bbox 330 820 355 856; x_wconf 92' lang='grc'>11</span> <span class='ocrx_word' id='word_1_46' title='bbox 367 821 487 876; x_wconf 78' lang='lat' dir='ltr'>offensae.</span> 
     </span>
    </p>
   </div>
   <div class='ocr_carea' id='block_1_4' title="bbox 177 918 1458 3374">
    <p class='ocr_par' dir='ltr' id='par_1_4' title="bbox 189 918 1456 1391">
     <span class='ocr_line' id='line_1_6' title="bbox 189 918 1454 994; baseline 0.008 -22"><span class='ocrx_word' id='word_1_47' title='bbox 189 921 206 972; x_wconf 82' lang='grc'><strong>5</strong></span> <span class='ocrx_word' id='word_1_48' title='bbox 263 919 297 977; x_wconf 85' lang='grc'>6.</span> <span class='ocrx_word' id='word_1_49' title='bbox 322 918 416 974; x_wconf 86' lang='lat' dir='ltr'>Victus</span> <span class='ocrx_word' id='word_1_50' title='bbox 433 919 514 989; x_wconf 82' lang='lat' dir='ltr'>igitur</span> <span class='ocrx_word' id='word_1_51' title='bbox 535 922 545 955; x_wconf 94' lang='grc'>1</span> <span class='ocrx_word' id='word_1_52' title='bbox 573 921 734 976; x_wconf 84' lang='lat' dir='ltr'>adolescens</span> <span class='ocrx_word' id='word_1_53' title='bbox 759 927 787 976; x_wconf 90' lang='lat' dir='ltr'>et</span> <span class='ocrx_word' id='word_1_54' title='bbox 804 923 925 992; x_wconf 88' lang='lat' dir='ltr'>querulis</span> <span class='ocrx_word' id='word_1_55' title='bbox 943 924 1110 979; x_wconf 85' lang='lat' dir='ltr'>clamoribus</span> <span class='ocrx_word' id='word_1_56' title='bbox 1126 930 1270 994; x_wconf 89' lang='lat' dir='ltr'>superatus</span> <span class='ocrx_word' id='word_1_57' title='bbox 1289 943 1348 981; x_wconf 89' lang='lat' dir='ltr'>rem</span> <span class='ocrx_word' id='word_1_58' title='bbox 1366 931 1454 983; x_wconf 90' lang='lat' dir='ltr'>totam</span> 
     </span>
     <span class='ocr_line' id='line_1_7' title="bbox 223 1019 1456 1095; baseline 0.006 -22"><span class='ocrx_word' id='word_1_59' title='bbox 223 1019 318 1073; x_wconf 88' lang='lat' dir='ltr'>ordine</span> <span class='ocrx_word' id='word_1_60' title='bbox 336 1035 391 1088; x_wconf 93' lang='lat' dir='ltr'>quo</span> <span class='ocrx_word' id='word_1_61' title='bbox 405 1020 495 1074; x_wconf 87' lang='lat' dir='ltr'>fuerat</span> <span class='ocrx_word' id='word_1_62' title='bbox 511 1020 646 1074; x_wconf 72' lang='lat' dir='ltr'>edoctus²</span> <span class='ocrx_word' id='word_1_63' title='bbox 658 1022 820 1090; x_wconf 87' lang='lat' dir='ltr'>exequitur:</span> <span class='ocrx_word' id='word_1_64' title='bbox 835 1039 855 1095; x_wconf 22' lang='lat' dir='ltr'>„a</span> <span class='ocrx_word' id='word_1_65' title='bbox 872 1023 947 1090; x_wconf 72' lang='lat' dir='ltr'>regni</span> <span class='ocrx_word' id='word_1_66' title='bbox 964 1024 1084 1092; x_wconf 72' lang='lat' dir='ltr'>genere⁸</span> <span class='ocrx_word' id='word_1_67' title='bbox 1101 1040 1131 1078; x_wconf 86' lang='lat' dir='ltr'>so</span> <span class='ocrx_word' id='word_1_68' title='bbox 1147 1040 1273 1079; x_wconf 87' lang='lat' dir='ltr'>asserens</span> <span class='ocrx_word' id='word_1_69' title='bbox 1284 1024 1414 1091; x_wconf 87' lang='lat' dir='ltr'>alienum,</span> <span class='ocrx_word' id='word_1_70' title='bbox 1427 1029 1456 1081; x_wconf 87' lang='lat' dir='ltr'>et</span> 
     </span>
     <span class='ocr_line' id='line_1_8' title="bbox 222 1120 1454 1192; baseline 0.006 -20"><span class='ocrx_word' id='word_1_71' title='bbox 222 1122 345 1189; x_wconf 89' lang='lat' dir='ltr'>tempore</span> <span class='ocrx_word' id='word_1_72' title='bbox 362 1120 505 1189; x_wconf 81' lang='lat' dir='ltr'>quodam⁴</span> <span class='ocrx_word' id='word_1_73' title='bbox 522 1120 639 1175; x_wconf 88' lang='lat' dir='ltr'>recentis</span> <span class='ocrx_word' id='word_1_74' title='bbox 651 1120 772 1174; x_wconf 73' lang='lat' dir='ltr'>infantiae</span> <span class='ocrx_word' id='word_1_75' title='bbox 789 1121 836 1177; x_wconf 89' lang='lat' dir='ltr'>illo</span> <span class='ocrx_word' id='word_1_76' title='bbox 855 1122 936 1176; x_wconf 77' lang='lat' dir='ltr'>sese⁶</span> <span class='ocrx_word' id='word_1_77' title='bbox 952 1122 1035 1192; x_wconf 88' lang='lat' dir='ltr'>pallio</span> <span class='ocrx_word' id='word_1_78' title='bbox 1049 1123 1229 1178; x_wconf 89' lang='lat' dir='ltr'>convolutum</span> <span class='ocrx_word' id='word_1_79' title='bbox 1244 1123 1322 1190; x_wconf 83' lang='lat' dir='ltr'>juxta</span> <span class='ocrx_word' id='word_1_80' title='bbox 1338 1125 1454 1180; x_wconf 88' lang='lat' dir='ltr'>verbum</span> 
     </span>
     <span class='ocr_line' id='line_1_9' title="bbox 221 1218 1455 1293; baseline 0.005 -21"><span class='ocrx_word' id='word_1_81' title='bbox 221 1218 292 1288; x_wconf 72' lang='lat' dir='ltr'>regis</span> <span class='ocrx_word' id='word_1_82' title='bbox 301 1222 416 1274; x_wconf 85' lang='lat' dir='ltr'>testetur</span> <span class='ocrx_word' id='word_1_83' title='bbox 425 1220 576 1274; x_wconf 88' lang='lat' dir='ltr'>inventum.</span> <span class='ocrx_word' id='word_1_84' title='bbox 585 1219 698 1286; x_wconf 82' lang='lat' dir='ltr'>ODe&#39;us,</span> <span class='ocrx_word' id='word_1_85' title='bbox 707 1237 791 1289; x_wconf 89' lang='lat' dir='ltr'>quarn</span> <span class='ocrx_word' id='word_1_86' title='bbox 802 1225 900 1275; x_wconf 87' lang='lat' dir='ltr'>acutus</span> <span class='ocrx_word' id='word_1_87' title='bbox 910 1221 1012 1276; x_wconf 91' lang='lat' dir='ltr'>doloris</span> <span class='ocrx_word' id='word_1_88' title='bbox 1020 1222 1126 1291; x_wconf 77' lang='lat' dir='ltr'>gladius</span> <span class='ocrx_word' id='word_1_89' title='bbox 1134 1222 1257 1278; x_wconf 88' lang='lat' dir='ltr'>mulieris</span> <span class='ocrx_word' id='word_1_90' title='bbox 1266 1223 1388 1278; x_wconf 88' lang='lat' dir='ltr'>animam</span> <span class='ocrx_word' id='word_1_91' title='bbox 1396 1241 1455 1293; x_wconf 89' lang='lat' dir='ltr'>per·</span> 
     </span>
     <span class='ocr_line' id='line_1_10' title="bbox 221 1318 1455 1391; baseline 0.004 -19"><span class='ocrx_word' id='word_1_92' title='bbox 221 1318 357 1384; x_wconf 79' lang='lat' dir='ltr'>transivit,</span> <span class='ocrx_word' id='word_1_93' title='bbox 377 1319 460 1373; x_wconf 70' lang='lat' dir='ltr'>cum⁸</span> <span class='ocrx_word' id='word_1_94' title='bbox 473 1319 500 1372; x_wconf 94' lang='lat' dir='ltr'>in</span> <span class='ocrx_word' id='word_1_95' title='bbox 518 1319 637 1373; x_wconf 79' lang='lat' dir='ltr'>auditu⁷</span> <span class='ocrx_word' id='word_1_96' title='bbox 654 1320 790 1375; x_wconf 85' lang='lat' dir='ltr'>sermonis</span> <span class='ocrx_word' id='word_1_97' title='bbox 806 1320 889 1389; x_wconf 86' lang='lat' dir='ltr'>hujus</span> <span class='ocrx_word' id='word_1_98' title='bbox 899 1321 918 1386; x_wconf 87' lang='grc'>1,</span> <span class='ocrx_word' id='word_1_99' title='bbox 936 1320 1009 1375; x_wconf 90' lang='lat' dir='ltr'>illius</span> <span class='ocrx_word' id='word_1_100' title='bbox 1026 1338 1056 1376; x_wconf 89' lang='lat' dir='ltr'>se</span> <span class='ocrx_word' id='word_1_101' title='bbox 1074 1321 1233 1391; x_wconf 71' lang='lat' dir='ltr'>recognovit</span> <span class='ocrx_word' id='word_1_102' title='bbox 1249 1327 1365 1377; x_wconf 87' lang='lat' dir='ltr'>matrem</span> <span class='ocrx_word' id='word_1_103' title='bbox 1375 1324 1395 1389; x_wconf 88' lang='grc'>1,</span> <span class='ocrx_word' id='word_1_104' title='bbox 1411 1322 1455 1377; x_wconf 89' lang='lat' dir='ltr'>cui</span> 
     </span>
    </p>

    <p class='ocr_par' dir='ltr' id='par_1_5' title="bbox 177 1417 1456 1885">
     <span class='ocr_line' id='line_1_11' title="bbox 177 1417 1455 1494; baseline 0.003 -24"><span class='ocrx_word' id='word_1_105' title='bbox 177 1418 204 1471; x_wconf 82' lang='lat' dir='ltr'>ro</span> <span class='ocrx_word' id='word_1_106' title='bbox 221 1417 372 1472; x_wconf 83' lang='lat' dir='ltr'>exhibebat</span> <span class='ocrx_word' id='word_1_107' title='bbox 381 1419 405 1453; x_wconf 87' lang='lat'>¹⁰</span> <span class='ocrx_word' id='word_1_108' title='bbox 416 1434 539 1484; x_wconf 83' lang='lat' dir='ltr'>uxorem,</span> <span class='ocrx_word' id='word_1_109' title='bbox 548 1423 579 1473; x_wconf 95' lang='lat' dir='ltr'>ut</span> <span class='ocrx_word' id='word_1_110' title='bbox 589 1420 612 1454; x_wconf 89' lang='grc'>11</span> <span class='ocrx_word' id='word_1_111' title='bbox 624 1435 705 1489; x_wconf 92' lang='lat' dir='ltr'>quem</span> <span class='ocrx_word' id='word_1_112' title='bbox 718 1421 821 1488; x_wconf 89' lang='lat' dir='ltr'>recepit</span> <span class='ocrx_word' id='word_1_113' title='bbox 832 1420 854 1454; x_wconf 89' lang='grc'>11</span> <span class='ocrx_word' id='word_1_114' title='bbox 866 1419 954 1475; x_wconf 85' lang='grc' dir='ltr'><strong>1111ιιιιι</strong></span> <span class='ocrx_word' id='word_1_115' title='bbox 964 1425 1036 1475; x_wconf 90' lang='lat' dir='ltr'>esset</span> <span class='ocrx_word' id='word_1_116' title='bbox 1047 1421 1178 1475; x_wconf 90' lang='lat' dir='ltr'>contiuuo</span> <span class='ocrx_word' id='word_1_117' title='bbox 1191 1421 1330 1494; x_wconf 81' lang='lat' dir='ltr'>perditura</span> <span class='ocrx_word' id='word_1_118' title='bbox 1339 1421 1362 1456; x_wconf 87' lang='grc'>11</span> <span class='ocrx_word' id='word_1_119' title='bbox 1373 1421 1455 1475; x_wconf 88' lang='lat' dir='ltr'>mari·</span> 
     </span>
     <span class='ocr_line' id='line_1_12' title="bbox 223 1517 1455 1587; baseline 0.002 -16"><span class='ocrx_word' id='word_1_120' title='bbox 223 1521 291 1571; x_wconf 82' lang='lat' dir='ltr'>tum.</span> <span class='ocrx_word' id='word_1_121' title='bbox 308 1517 422 1572; x_wconf 79' lang='lat' dir='ltr'>Labitur</span> <span class='ocrx_word' id='word_1_122' title='bbox 439 1518 518 1572; x_wconf 92' lang='lat' dir='ltr'>humi</span> <span class='ocrx_word' id='word_1_123' title='bbox 535 1518 658 1587; x_wconf 88' lang='lat' dir='ltr'>protinus</span> <span class='ocrx_word' id='word_1_124' title='bbox 668 1519 692 1553; x_wconf 82' lang='lat'>¹⁴</span> <span class='ocrx_word' id='word_1_125' title='bbox 703 1519 797 1573; x_wconf 86' lang='lat' dir='ltr'>infelix</span> <span class='ocrx_word' id='word_1_126' title='bbox 813 1522 902 1574; x_wconf 88' lang='lat' dir='ltr'>mater</span> <span class='ocrx_word' id='word_1_127' title='bbox 916 1520 945 1584; x_wconf 85' lang='grc'>11,</span> <span class='ocrx_word' id='word_1_128' title='bbox 963 1519 1098 1574; x_wconf 78' lang='lat' dir='ltr'>infelicior</span> <span class='ocrx_word' id='word_1_129' title='bbox 1110 1519 1238 1587; x_wconf 84' lang='lat' dir='ltr'>conjunx,</span> <span class='ocrx_word' id='word_1_130' title='bbox 1251 1524 1278 1574; x_wconf 91' lang='lat' dir='ltr'>et</span> <span class='ocrx_word' id='word_1_131' title='bbox 1290 1519 1346 1574; x_wconf 89' lang='lat' dir='ltr'>fere</span> <span class='ocrx_word' id='word_1_132' title='bbox 1364 1519 1455 1574; x_wconf 86' lang='lat' dir='ltr'>exani·</span> 
     </span>
     <span class='ocr_line' id='line_1_13' title="bbox 222 1615 1456 1685; baseline 0.002 -15"><span class='ocrx_word' id='word_1_133' title='bbox 222 1618 298 1670; x_wconf 85' lang='lat' dir='ltr'>mata</span> <span class='ocrx_word' id='word_1_134' title='bbox 315 1615 458 1670; x_wconf 91' lang='lat' dir='ltr'>doloribus</span> <span class='ocrx_word' id='word_1_135' title='bbox 475 1631 492 1669; x_wconf 90' lang='lat' dir='ltr'>a</span> <span class='ocrx_word' id='word_1_136' title='bbox 508 1632 537 1669; x_wconf 88' lang='lat' dir='ltr'>se</span> <span class='ocrx_word' id='word_1_137' title='bbox 554 1617 615 1685; x_wconf 88' lang='lat' dir='ltr'>ipsa</span> <span class='ocrx_word' id='word_1_138' title='bbox 632 1616 754 1671; x_wconf 88' lang='lat' dir='ltr'>redditur</span> <span class='ocrx_word' id='word_1_139' title='bbox 771 1617 869 1671; x_wconf 86' lang='lat' dir='ltr'>aliena.</span> <span class='ocrx_word' id='word_1_140' title='bbox 892 1617 1004 1671; x_wconf 83' lang='lat' dir='ltr'>Miratur</span> <span class='ocrx_word' id='word_1_141' title='bbox 1019 1616 1128 1685; x_wconf 87' lang='lat' dir='ltr'>juvenis</span> <span class='ocrx_word' id='word_1_142' title='bbox 1153 1617 1328 1672; x_wconf 88' lang='lat' dir='ltr'>immoderati</span> <span class='ocrx_word' id='word_1_143' title='bbox 1354 1617 1456 1672; x_wconf 86' lang='lat' dir='ltr'>doloris</span> 
     </span>
     <span class='ocr_line' id='line_1_14' title="bbox 222 1714 1455 1787; baseline 0.002 -19"><span class='ocrx_word' id='word_1_144' title='bbox 222 1714 362 1782; x_wconf 74' lang='lat' dir='ltr'>angustias</span> <span class='ocrx_word' id='word_1_145' title='bbox 375 1719 403 1769; x_wconf 89' lang='lat' dir='ltr'>et</span> <span class='ocrx_word' id='word_1_146' title='bbox 413 1718 545 1770; x_wconf 86' lang='lat' dir='ltr'>maternae</span> <span class='ocrx_word' id='word_1_147' title='bbox 556 1715 737 1785; x_wconf 84' lang='lat' dir='ltr'>prolapsionis</span> <span class='ocrx_word' id='word_1_148' title='bbox 748 1717 771 1751; x_wconf 86' lang='grc'>11</span> <span class='ocrx_word' id='word_1_149' title='bbox 782 1717 893 1786; x_wconf 65' lang='lat' dir='ltr'>ignarus</span> <span class='ocrx_word' id='word_1_150' title='bbox 905 1720 1012 1786; x_wconf 88' lang='lat' dir='ltr'>reputat</span> <span class='ocrx_word' id='word_1_151' title='bbox 1024 1716 1098 1786; x_wconf 89' lang='lat' dir='ltr'>quod</span> <span class='ocrx_word' id='word_1_152' title='bbox 1111 1716 1157 1770; x_wconf 86' lang='lat' dir='ltr'>illa</span> <span class='ocrx_word' id='word_1_153' title='bbox 1168 1733 1203 1770; x_wconf 88' lang='lat' dir='ltr'>ex</span> <span class='ocrx_word' id='word_1_154' title='bbox 1219 1717 1348 1787; x_wconf 87' lang='lat' dir='ltr'>despectu</span> <span class='ocrx_word' id='word_1_155' title='bbox 1359 1732 1455 1771; x_wconf 88' lang='lat' dir='ltr'>conce·</span> 
     </span>
     <span class='ocr_line' id='line_1_15' title="bbox 220 1813 1455 1885; baseline 0.002 -17"><span class='ocrx_word' id='word_1_156' title='bbox 220 1813 294 1882; x_wconf 89' lang='lat' dir='ltr'>perit</span> <span class='ocrx_word' id='word_1_157' title='bbox 309 1813 426 1869; x_wconf 86' lang='lat' dir='ltr'>tristitiae</span> <span class='ocrx_word' id='word_1_158' title='bbox 444 1830 556 1870; x_wconf 86' lang='lat' dir='ltr'>causam</span> <span class='ocrx_word' id='word_1_159' title='bbox 574 1820 705 1884; x_wconf 89' lang='lat' dir='ltr'>tanquam</span> <span class='ocrx_word' id='word_1_160' title='bbox 720 1815 743 1850; x_wconf 83' lang='grc'>11</span> <span class='ocrx_word' id='word_1_161' title='bbox 760 1815 859 1884; x_wconf 77' lang='lat' dir='ltr'>abiecti</span> <span class='ocrx_word' id='word_1_162' title='bbox 877 1815 1004 1884; x_wconf 89' lang='lat' dir='ltr'>copulam</span> <span class='ocrx_word' id='word_1_163' title='bbox 1022 1832 1101 1870; x_wconf 86' lang='lat' dir='ltr'>suam</span> <span class='ocrx_word' id='word_1_164' title='bbox 1123 1816 1266 1871; x_wconf 73' lang='lat' dir='ltr'>estimarit</span> <span class='ocrx_word' id='word_1_165' title='bbox 1283 1814 1411 1885; x_wconf 74' lang='lat' dir='ltr'>injuriam</span> <span class='ocrx_word' id='word_1_166' title='bbox 1424 1816 1455 1870; x_wconf 87' lang='grc'>11.</span> 
     </span>
    </p>

    <p class='ocr_par' dir='ltr' id='par_1_6' title="bbox 177 1912 1458 2381">
     <span class='ocr_line' id='line_1_16' title="bbox 177 1912 1456 1984; baseline 0.004 -20"><span class='ocrx_word' id='word_1_167' title='bbox 177 1913 205 1965; x_wconf 86' lang='lat' dir='ltr'>u</span> <span class='ocrx_word' id='word_1_168' title='bbox 224 1912 358 1968; x_wconf 84' lang='lat' dir='ltr'>Cominus</span> <span class='ocrx_word' id='word_1_169' title='bbox 370 1930 434 1983; x_wconf 79' lang='lat' dir='ltr'>ergo</span> <span class='ocrx_word' id='word_1_170' title='bbox 446 1915 618 1969; x_wconf 86' lang='lat' dir='ltr'>verecundus</span> <span class='ocrx_word' id='word_1_171' title='bbox 635 1915 767 1970; x_wconf 89' lang='lat' dir='ltr'>accedens</span> <span class='ocrx_word' id='word_1_172' title='bbox 783 1918 871 1969; x_wconf 88' lang='lat' dir='ltr'>tentat</span> <span class='ocrx_word' id='word_1_173' title='bbox 883 1914 1056 1984; x_wconf 83' lang='lat' dir='ltr'>amplexibus</span> <span class='ocrx_word' id='word_1_174' title='bbox 1064 1914 1141 1969; x_wconf 89' lang='lat' dir='ltr'>triste</span> <span class='ocrx_word' id='word_1_175' title='bbox 1153 1914 1297 1969; x_wconf 88' lang='lat' dir='ltr'>sublevare</span> <span class='ocrx_word' id='word_1_176' title='bbox 1312 1930 1456 1984; x_wconf 88' lang='lat' dir='ltr'>corpuscu-</span> 
     </span>
     <span class='ocr_line' id='line_1_17' title="bbox 222 2012 1457 2081; baseline 0.001 -15"><span class='ocrx_word' id='word_1_177' title='bbox 222 2012 289 2079; x_wconf 89' lang='lat' dir='ltr'>lum,</span> <span class='ocrx_word' id='word_1_178' title='bbox 302 2017 330 2067; x_wconf 89' lang='lat' dir='ltr'>et</span> <span class='ocrx_word' id='word_1_179' title='bbox 347 2012 435 2067; x_wconf 89' lang='lat' dir='ltr'>teneri</span> <span class='ocrx_word' id='word_1_180' title='bbox 445 2013 468 2048; x_wconf 90' lang='grc'>11</span> <span class='ocrx_word' id='word_1_181' title='bbox 486 2013 676 2068; x_wconf 88' lang='lat' dir='ltr'>blandimento</span> <span class='ocrx_word' id='word_1_182' title='bbox 692 2013 805 2068; x_wconf 89' lang='lat' dir='ltr'>susurrii</span> <span class='ocrx_word' id='word_1_183' title='bbox 822 2030 963 2068; x_wconf 88' lang='lat' dir='ltr'>sermones</span> <span class='ocrx_word' id='word_1_184' title='bbox 973 2013 998 2048; x_wconf 97' lang='grc'>11</span> <span class='ocrx_word' id='word_1_185' title='bbox 1011 2013 1171 2081; x_wconf 84' lang='lat' dir='ltr'>hujusmodi</span> <span class='ocrx_word' id='word_1_186' title='bbox 1180 2014 1204 2048; x_wconf 89' lang='grc'>11</span> <span class='ocrx_word' id='word_1_187' title='bbox 1221 2013 1327 2069; x_wconf 88' lang='lat' dir='ltr'>infestis</span> <span class='ocrx_word' id='word_1_188' title='bbox 1344 2013 1457 2068; x_wconf 85' lang='lat' dir='ltr'>auribus</span> 
     </span>
     <span class='ocr_line' id='line_1_18' title="bbox 222 2111 1458 2182; baseline 0.001 -15"><span class='ocrx_word' id='word_1_189' title='bbox 222 2111 383 2167; x_wconf 84' lang='lat' dir='ltr'>instillabat.</span> <span class='ocrx_word' id='word_1_190' title='bbox 394 2114 439 2167; x_wconf 86' lang='lat' dir='ltr'>Itu</span> <span class='ocrx_word' id='word_1_191' title='bbox 450 2120 487 2167; x_wconf 84' lang='lat' dir='ltr'>eet</span> <span class='ocrx_word' id='word_1_192' title='bbox 506 2121 536 2168; x_wconf 91' lang='lat' dir='ltr'>ut</span> <span class='ocrx_word' id='word_1_193' title='bbox 553 2115 620 2168; x_wconf 82' lang='lat' dir='ltr'>dixi.</span> <span class='ocrx_word' id='word_1_194' title='bbox 638 2115 735 2168; x_wconf 81' lang='lat' dir='ltr'>Patior</span> <span class='ocrx_word' id='word_1_195' title='bbox 751 2132 806 2168; x_wconf 84' lang='lat' dir='ltr'>ecce</span> <span class='ocrx_word' id='word_1_196' title='bbox 823 2115 895 2182; x_wconf 81' lang='lat' dir='ltr'>quod</span> <span class='ocrx_word' id='word_1_197' title='bbox 913 2116 994 2167; x_wconf 87' lang='lat' dir='ltr'>timui</span> <span class='ocrx_word' id='word_1_198' title='bbox 1003 2133 1013 2167; x_wconf 92' lang='lat'>.·</span> <span class='ocrx_word' id='word_1_199' title='bbox 1028 2115 1145 2180; x_wconf 79' lang='lat' dir='ltr'>futurus</span> <span class='ocrx_word' id='word_1_200' title='bbox 1161 2131 1238 2168; x_wconf 66' lang='lat' dir='ltr'>mam</span> <span class='ocrx_word' id='word_1_201' title='bbox 1248 2115 1298 2167; x_wconf 82' lang='lat' dir='ltr'>tibi</span> <span class='ocrx_word' id='word_1_202' title='bbox 1308 2116 1458 2169; x_wconf 74' lang='lat' dir='ltr'>vilissimus</span> 
     </span>
     <span class='ocr_line' id='line_1_19' title="bbox 222 2207 1457 2282; baseline 0.002 -16"><span class='ocrx_word' id='word_1_203' title='bbox 222 2215 347 2280; x_wconf 69' lang='lat' dir='ltr'>exposite</span> <span class='ocrx_word' id='word_1_204' title='bbox 366 2215 483 2277; x_wconf 79' lang='lat' dir='ltr'>veritate,</span> <span class='ocrx_word' id='word_1_205' title='bbox 496 2207 544 2267; x_wconf 80' lang='lat' dir='ltr'>u&#39;ec</span> <span class='ocrx_word' id='word_1_206' title='bbox 554 2214 707 2267; x_wconf 81' lang='lat' dir='ltr'>rerueuebut</span> <span class='ocrx_word' id='word_1_207' title='bbox 724 2216 800 2268; x_wconf 79' lang='lat' dir='ltr'>locres</span> <span class='ocrx_word' id='word_1_208' title='bbox 808 2215 911 2281; x_wconf 73' lang='lat' dir='ltr'>pratis,</span> <span class='ocrx_word' id='word_1_209' title='bbox 929 2215 954 2266; x_wconf 85' lang='lat' dir='ltr'>si</span> <span class='ocrx_word' id='word_1_210' title='bbox 965 2230 1046 2267; x_wconf 83' lang='lat' dir='ltr'>casua</span> <span class='ocrx_word' id='word_1_211' title='bbox 1061 2215 1217 2282; x_wconf 79' lang='lat' dir='ltr'>aperiretur</span> <span class='ocrx_word' id='word_1_212' title='bbox 1232 2229 1364 2268; x_wconf 72' lang='lat' dir='ltr'>mutue.</span> <span class='ocrx_word' id='word_1_213' title='bbox 1380 2215 1457 2268; x_wconf 84' lang='lat' dir='ltr'>Patet</span> 
     </span>
     <span class='ocr_line' id='line_1_20' title="bbox 223 2312 1457 2381; baseline 0.002 -17"><span class='ocrx_word' id='word_1_214' title='bbox 223 2314 334 2380; x_wconf 76' lang='lat' dir='ltr'>quodie</span> <span class='ocrx_word' id='word_1_215' title='bbox 344 2329 385 2367; x_wconf 83' lang='lat' dir='ltr'>me</span> <span class='ocrx_word' id='word_1_216' title='bbox 396 2329 450 2366; x_wconf 86' lang='lat' dir='ltr'>uou</span> <span class='ocrx_word' id='word_1_217' title='bbox 458 2314 553 2379; x_wconf 84' lang='lat' dir='ltr'>florem</span> <span class='ocrx_word' id='word_1_218' title='bbox 559 2315 712 2380; x_wconf 80' lang='lat' dir='ltr'>juventutis</span> <span class='ocrx_word' id='word_1_219' title='bbox 721 2312 754 2380; x_wconf 94' lang='grc'>11,</span> <span class='ocrx_word' id='word_1_220' title='bbox 763 2329 817 2366; x_wconf 84' lang='lat' dir='ltr'>nou</span> <span class='ocrx_word' id='word_1_221' title='bbox 825 2321 984 2367; x_wconf 80' lang='lat' dir='ltr'>ornamenta</span> <span class='ocrx_word' id='word_1_222' title='bbox 993 2330 1108 2379; x_wconf 79' lang='lat' dir='ltr'>morum,</span> <span class='ocrx_word' id='word_1_223' title='bbox 1119 2329 1174 2366; x_wconf 86' lang='lat' dir='ltr'>uon</span> <span class='ocrx_word' id='word_1_224' title='bbox 1185 2315 1320 2381; x_wconf 67' lang='lat' dir='ltr'>elepantos</span> <span class='ocrx_word' id='word_1_225' title='bbox 1328 2313 1457 2367; x_wconf 68' lang='lat' dir='ltr'>dilexeris</span> 
     </span>
    </p>

    <p class='ocr_par' dir='ltr' id='par_1_7' title="bbox 177 2409 1457 2879">
     <span class='ocr_line' id='line_1_21' title="bbox 177 2409 1457 2482; baseline 0.002 -19"><span class='ocrx_word' id='word_1_226' title='bbox 177 2409 207 2462; x_wconf 82' lang='grc'>11</span> <span class='ocrx_word' id='word_1_227' title='bbox 223 2419 395 2476; x_wconf 68' lang='lat' dir='ltr'>cucumerem,</span> <span class='ocrx_word' id='word_1_228' title='bbox 405 2414 665 2482; x_wconf 80' lang='lat' dir='ltr'>sedproeropaticam</span> <span class='ocrx_word' id='word_1_229' title='bbox 675 2414 781 2480; x_wconf 75' lang='lat' dir='ltr'>pencris</span> <span class='ocrx_word' id='word_1_230' title='bbox 793 2414 896 2466; x_wconf 80' lang='lat' dir='ltr'>curctis</span> <span class='ocrx_word' id='word_1_231' title='bbox 906 2414 1060 2480; x_wconf 69' lang='lat' dir='ltr'>protuleris</span> <span class='ocrx_word' id='word_1_232' title='bbox 1068 2413 1175 2465; x_wconf 84' lang='lat' dir='ltr'>dotibus</span> <span class='ocrx_word' id='word_1_233' title='bbox 1186 2414 1310 2465; x_wconf 78' lang='lat' dir='ltr'>caritatis</span> <span class='ocrx_word' id='word_1_234' title='bbox 1319 2411 1350 2465; x_wconf 88' lang='grc'>11.</span> <span class='ocrx_word' id='word_1_235' title='bbox 1357 2412 1457 2465; x_wconf 82' lang='lat' dir='ltr'>Verum</span> 
     </span>
     <span class='ocr_line' id='line_1_22' title="bbox 224 2511 1457 2581; baseline 0.001 -17"><span class='ocrx_word' id='word_1_236' title='bbox 224 2512 291 2580; x_wconf 80' lang='lat' dir='ltr'>quid</span> <span class='ocrx_word' id='word_1_237' title='bbox 300 2514 386 2578; x_wconf 78' lang='lat' dir='ltr'>refert</span> <span class='ocrx_word' id='word_1_238' title='bbox 394 2512 466 2566; x_wconf 83' lang='lat' dir='ltr'>uude</span> <span class='ocrx_word' id='word_1_239' title='bbox 475 2530 631 2578; x_wconf 82' lang='lat' dir='ltr'>nuscumur,</span> <span class='ocrx_word' id='word_1_240' title='bbox 640 2515 818 2580; x_wconf 81' lang='lat' dir='ltr'>cipoecumua</span> <span class='ocrx_word' id='word_1_241' title='bbox 829 2529 961 2581; x_wconf 78' lang='lat' dir='ltr'>superare</span> <span class='ocrx_word' id='word_1_242' title='bbox 972 2513 1045 2580; x_wconf 82' lang='lat' dir='ltr'>quod</span> <span class='ocrx_word' id='word_1_243' title='bbox 1055 2513 1221 2566; x_wconf 76' lang='lat' dir='ltr'>umcimur?</span> <span class='ocrx_word' id='word_1_244' title='bbox 1233 2511 1304 2565; x_wconf 83' lang='lat' dir='ltr'>Plus</span> <span class='ocrx_word' id='word_1_245' title='bbox 1315 2512 1393 2565; x_wconf 80' lang='lat' dir='ltr'>tabet</span> <span class='ocrx_word' id='word_1_246' title='bbox 1402 2514 1457 2579; x_wconf 75' lang='lat' dir='ltr'>plo·</span> 
     </span>
     <span class='ocr_line' id='line_1_23' title="bbox 224 2610 1456 2680; baseline -0.002 -15"><span class='ocrx_word' id='word_1_247' title='bbox 224 2613 273 2665; x_wconf 72' lang='lat' dir='ltr'>rie</span> <span class='ocrx_word' id='word_1_248' title='bbox 282 2612 432 2680; x_wconf 76' lang='lat' dir='ltr'>probitatis</span> <span class='ocrx_word' id='word_1_249' title='bbox 448 2612 609 2680; x_wconf 59' lang='lat' dir='ltr'>splendortf</span> <span class='ocrx_word' id='word_1_250' title='bbox 625 2614 654 2665; x_wconf 85' lang='lat' dir='ltr'>iu</span> <span class='ocrx_word' id='word_1_251' title='bbox 670 2613 776 2678; x_wconf 75' lang='lat' dir='ltr'>terentii,</span> <span class='ocrx_word' id='word_1_252' title='bbox 789 2629 871 2680; x_wconf 84' lang='lat' dir='ltr'>quum</span> <span class='ocrx_word' id='word_1_253' title='bbox 881 2614 973 2679; x_wconf 78' lang='lat' dir='ltr'>faetus</span> <span class='ocrx_word' id='word_1_254' title='bbox 982 2610 1006 2645; x_wconf 86' lang='grc'>11</span> <span class='ocrx_word' id='word_1_255' title='bbox 1017 2612 1135 2678; x_wconf 77' lang='lat' dir='ltr'>oriqiuie</span> <span class='ocrx_word' id='word_1_256' title='bbox 1154 2613 1184 2664; x_wconf 85' lang='lat' dir='ltr'>iu</span> <span class='ocrx_word' id='word_1_257' title='bbox 1201 2611 1318 2664; x_wconf 79' lang='lat' dir='ltr'>urbiiuu&#39;.</span> <span class='ocrx_word' id='word_1_258' title='bbox 1333 2611 1456 2665; x_wconf 69' lang='grc'><strong>01111111</strong></span> 
     </span>
     <span class='ocr_line' id='line_1_24' title="bbox 224 2709 1456 2780; baseline 0.001 -18"><span class='ocrx_word' id='word_1_259' title='bbox 224 2713 287 2778; x_wconf 84' lang='lat' dir='ltr'>quia</span> <span class='ocrx_word' id='word_1_260' title='bbox 295 2713 377 2778; x_wconf 83' lang='lat' dir='ltr'>norit,</span> <span class='ocrx_word' id='word_1_261' title='bbox 388 2713 414 2764; x_wconf 84' lang='lat' dir='ltr'>ci</span> <span class='ocrx_word' id='word_1_262' title='bbox 425 2712 455 2764; x_wconf 87' lang='lat' dir='ltr'>iu</span> <span class='ocrx_word' id='word_1_263' title='bbox 466 2728 507 2765; x_wconf 85' lang='lat' dir='ltr'>me</span> <span class='ocrx_word' id='word_1_264' title='bbox 519 2728 622 2780; x_wconf 84' lang='lat' dir='ltr'>quoquc</span> <span class='ocrx_word' id='word_1_265' title='bbox 631 2711 655 2746; x_wconf 87' lang='grc'>11</span> <span class='ocrx_word' id='word_1_266' title='bbox 667 2713 774 2779; x_wconf 81' lang='lat' dir='ltr'>aliquid</span> <span class='ocrx_word' id='word_1_267' title='bbox 784 2713 865 2778; x_wconf 69' lang='lat' dir='ltr'>repis</span> <span class='ocrx_word' id='word_1_268' title='bbox 872 2712 970 2780; x_wconf 79' lang='lat' dir='ltr'>stirpis</span> <span class='ocrx_word' id='word_1_269' title='bbox 978 2711 1120 2777; x_wconf 74' lang='lat' dir='ltr'>influxerit</span> <span class='ocrx_word' id='word_1_270' title='bbox 1130 2709 1162 2777; x_wconf 88' lang='grc'>11,</span> <span class='ocrx_word' id='word_1_271' title='bbox 1171 2727 1249 2778; x_wconf 84' lang='lat' dir='ltr'>quem</span> <span class='ocrx_word' id='word_1_272' title='bbox 1260 2712 1331 2778; x_wconf 73' lang='lat' dir='ltr'>repit</span> <span class='ocrx_word' id='word_1_273' title='bbox 1339 2709 1364 2744; x_wconf 89' lang='grc'>11</span> <span class='ocrx_word' id='word_1_274' title='bbox 1374 2727 1456 2764; x_wconf 75' lang='lat' dir='ltr'>ocura-</span> 
     </span>
     <span class='ocr_line' id='line_1_25' title="bbox 223 2808 1456 2879; baseline 0 -15"><span class='ocrx_word' id='word_1_275' title='bbox 223 2817 268 2864; x_wconf 83' lang='lat' dir='ltr'>tus</span> <span class='ocrx_word' id='word_1_276' title='bbox 274 2812 366 2878; x_wconf 71' lang='lat' dir='ltr'>yterio</span> <span class='ocrx_word' id='word_1_277' title='bbox 374 2828 422 2865; x_wconf 84' lang='lat' dir='ltr'>uec</span> <span class='ocrx_word' id='word_1_278' title='bbox 431 2813 580 2879; x_wconf 71' lang='lat' dir='ltr'>expostum</span> <span class='ocrx_word' id='word_1_279' title='bbox 593 2812 745 2879; x_wconf 77' lang='lat' dir='ltr'>dereliquit.</span> <span class='ocrx_word' id='word_1_280' title='bbox 753 2809 831 2864; x_wconf 89' lang='lat' dir='ltr'>Tunc</span> <span class='ocrx_word' id='word_1_281' title='bbox 843 2809 889 2864; x_wconf 90' lang='lat' dir='ltr'>illa</span> <span class='ocrx_word' id='word_1_282' title='bbox 900 2809 1039 2864; x_wconf 90' lang='lat' dir='ltr'>modicum</span> <span class='ocrx_word' id='word_1_283' title='bbox 1054 2809 1082 2864; x_wconf 91' lang='lat' dir='ltr'>iu</span> <span class='ocrx_word' id='word_1_284' title='bbox 1094 2808 1183 2879; x_wconf 89' lang='lat' dir='ltr'>seipsa</span> <span class='ocrx_word' id='word_1_285' title='bbox 1194 2808 1338 2879; x_wconf 88' lang='lat' dir='ltr'>respirans,</span> <span class='ocrx_word' id='word_1_286' title='bbox 1351 2810 1412 2864; x_wconf 87' lang='lat' dir='ltr'>Nou</span> <span class='ocrx_word' id='word_1_287' title='bbox 1421 2826 1456 2874; x_wconf 85' lang='lat' dir='ltr'>ea,</span> 
     </span>
    </p>

    <p class='ocr_par' dir='ltr' id='par_1_8' title="bbox 178 2904 1458 3374">
     <span class='ocr_line' id='line_1_26' title="bbox 178 2904 1457 2977; baseline 0.002 -18"><span class='ocrx_word' id='word_1_288' title='bbox 178 2904 207 2957; x_wconf 83' lang='lat' dir='ltr'>u</span> <span class='ocrx_word' id='word_1_289' title='bbox 222 2907 319 2977; x_wconf 89' lang='lat' dir='ltr'>inquit,</span> <span class='ocrx_word' id='word_1_290' title='bbox 331 2910 470 2963; x_wconf 75' lang='lat' dir='ltr'>laedendus</span> <span class='ocrx_word' id='word_1_291' title='bbox 486 2912 555 2963; x_wconf 76' lang='lat' dir='ltr'>anili</span> <span class='ocrx_word' id='word_1_292' title='bbox 564 2909 595 2976; x_wconf 83' lang='grc'>11,</span> <span class='ocrx_word' id='word_1_293' title='bbox 607 2927 622 2964; x_wconf 91' lang='lat' dir='ltr'>o</span> <span class='ocrx_word' id='word_1_294' title='bbox 633 2911 718 2974; x_wconf 75' lang='lat' dir='ltr'>tomo,</span> <span class='ocrx_word' id='word_1_295' title='bbox 730 2912 872 2977; x_wconf 80' lang='lat' dir='ltr'>despectui,</span> <span class='ocrx_word' id='word_1_296' title='bbox 885 2917 908 2962; x_wconf 89' lang='lat' dir='ltr'>et</span> <span class='ocrx_word' id='word_1_297' title='bbox 919 2912 945 2962; x_wconf 82' lang='lat' dir='ltr'>si</span> <span class='ocrx_word' id='word_1_298' title='bbox 956 2909 1457 2977; x_wconf 61' lang='grc' dir='ltr'><strong>151111111111551111ω1119111,ηοη</strong></span> 
     </span>
     <span class='ocr_line' id='line_1_27' title="bbox 219 3007 1456 3078; baseline -0.002 -16"><span class='ocrx_word' id='word_1_299' title='bbox 219 3016 296 3078; x_wconf 83' lang='lat' dir='ltr'>polea</span> <span class='ocrx_word' id='word_1_300' title='bbox 307 3025 362 3062; x_wconf 84' lang='lat' dir='ltr'>uon</span> <span class='ocrx_word' id='word_1_301' title='bbox 374 3010 567 3063; x_wconf 71' lang='lat' dir='ltr'>circumciditis</span> <span class='ocrx_word' id='word_1_302' title='bbox 578 3011 705 3076; x_wconf 76' lang='lat' dir='ltr'>queitrici</span> <span class='ocrx_word' id='word_1_303' title='bbox 713 3008 745 3062; x_wconf 89' lang='grc'>11.</span> <span class='ocrx_word' id='word_1_304' title='bbox 767 3010 808 3061; x_wconf 86' lang='lat' dir='ltr'>Tu</span> <span class='ocrx_word' id='word_1_305' title='bbox 821 3010 889 3061; x_wconf 79' lang='lat' dir='ltr'>ruiti</span> <span class='ocrx_word' id='word_1_306' title='bbox 900 3008 924 3042; x_wconf 90' lang='grc'>11</span> <span class='ocrx_word' id='word_1_307' title='bbox 936 3011 1084 3074; x_wconf 79' lang='lat' dir='ltr'>carissime,</span> <span class='ocrx_word' id='word_1_308' title='bbox 1095 3015 1125 3061; x_wconf 88' lang='lat' dir='ltr'>tu</span> <span class='ocrx_word' id='word_1_309' title='bbox 1137 3009 1206 3061; x_wconf 84' lang='lat' dir='ltr'>milri</span> <span class='ocrx_word' id='word_1_310' title='bbox 1217 3026 1251 3061; x_wconf 79' lang='lat' dir='ltr'>ex</span> <span class='ocrx_word' id='word_1_311' title='bbox 1257 3015 1338 3076; x_wconf 83' lang='lat' dir='ltr'>petre</span> <span class='ocrx_word' id='word_1_312' title='bbox 1351 3009 1422 3076; x_wconf 80' lang='lat' dir='ltr'>queri</span> <span class='ocrx_word' id='word_1_313' title='bbox 1432 3007 1456 3042; x_wconf 88' lang='grc'>11</span> 
     </span>
     <span class='ocr_line' id='line_1_28' title="bbox 222 3107 1457 3176; baseline 0 -16"><span class='ocrx_word' id='word_1_314' title='bbox 222 3109 314 3174; x_wconf 74' lang='lat' dir='ltr'>frater</span> <span class='ocrx_word' id='word_1_315' title='bbox 325 3116 349 3161; x_wconf 83' lang='lat' dir='ltr'>et</span> <span class='ocrx_word' id='word_1_316' title='bbox 357 3109 441 3174; x_wconf 76' lang='lat' dir='ltr'>filius,</span> <span class='ocrx_word' id='word_1_317' title='bbox 448 3125 486 3162; x_wconf 82' lang='lat' dir='ltr'>ex</span> <span class='ocrx_word' id='word_1_318' title='bbox 496 3109 587 3174; x_wconf 81' lang='lat' dir='ltr'>fratre</span> <span class='ocrx_word' id='word_1_319' title='bbox 596 3110 705 3176; x_wconf 75' lang='lat' dir='ltr'>filioque</span> <span class='ocrx_word' id='word_1_320' title='bbox 716 3111 841 3162; x_wconf 83' lang='lat' dir='ltr'>meritus.</span> <span class='ocrx_word' id='word_1_321' title='bbox 851 3109 909 3175; x_wconf 72' lang='lat' dir='ltr'>Epo</span> <span class='ocrx_word' id='word_1_322' title='bbox 921 3116 945 3161; x_wconf 85' lang='lat' dir='ltr'>te</span> <span class='ocrx_word' id='word_1_323' title='bbox 957 3109 1056 3174; x_wconf 77' lang='lat' dir='ltr'>infel-ie</span> <span class='ocrx_word' id='word_1_324' title='bbox 1064 3107 1088 3141; x_wconf 86' lang='grc'>11</span> <span class='ocrx_word' id='word_1_325' title='bbox 1096 3115 1179 3175; x_wconf 80' lang='lat' dir='ltr'>putre</span> <span class='ocrx_word' id='word_1_326' title='bbox 1188 3115 1331 3175; x_wconf 73' lang='lat' dir='ltr'>perurente</span> <span class='ocrx_word' id='word_1_327' title='bbox 1342 3109 1457 3175; x_wconf 79' lang='lat' dir='ltr'>coricepi,</span> 
     </span>
     <span class='ocr_line' id='line_1_29' title="bbox 225 3207 1458 3276; baseline 0 -15"><span class='ocrx_word' id='word_1_328' title='bbox 225 3224 270 3274; x_wconf 71' lang='lat' dir='ltr'>epo</span> <span class='ocrx_word' id='word_1_329' title='bbox 290 3216 315 3261; x_wconf 86' lang='lat' dir='ltr'>tc</span> <span class='ocrx_word' id='word_1_330' title='bbox 324 3210 426 3275; x_wconf 70' lang='lat' dir='ltr'>peperi,</span> <span class='ocrx_word' id='word_1_331' title='bbox 434 3225 479 3276; x_wconf 75' lang='lat' dir='ltr'>epo</span> <span class='ocrx_word' id='word_1_332' title='bbox 491 3216 515 3261; x_wconf 88' lang='lat' dir='ltr'>te</span> <span class='ocrx_word' id='word_1_333' title='bbox 526 3211 663 3263; x_wconf 81' lang='lat' dir='ltr'>involucro</span> <span class='ocrx_word' id='word_1_334' title='bbox 673 3210 755 3275; x_wconf 81' lang='lat' dir='ltr'>pallii</span> <span class='ocrx_word' id='word_1_335' title='bbox 761 3210 904 3276; x_wconf 79' lang='lat' dir='ltr'>presentis</span> <span class='ocrx_word' id='word_1_336' title='bbox 913 3208 1020 3260; x_wconf 81' lang='lat' dir='ltr'>incolui.</span> <span class='ocrx_word' id='word_1_337' title='bbox 1029 3208 1194 3275; x_wconf 75' lang='lat' dir='ltr'>Recoprroaco</span> <span class='ocrx_word' id='word_1_338' title='bbox 1206 3208 1316 3262; x_wconf 83' lang='lat' dir='ltr'>uerendi</span> <span class='ocrx_word' id='word_1_339' title='bbox 1324 3207 1348 3242; x_wconf 87' lang='grc'>11</span> <span class='ocrx_word' id='word_1_340' title='bbox 1355 3214 1458 3276; x_wconf 79' lang='lat' dir='ltr'>partus</span> 
     </span>
     <span class='ocr_line' id='line_1_30' title="bbox 224 3306 1457 3374; baseline -0.001 -15"><span class='ocrx_word' id='word_1_341' title='bbox 224 3306 380 3374; x_wconf 66' lang='grc'><strong>1111911511</strong></span> <span class='ocrx_word' id='word_1_342' title='bbox 392 3309 498 3360; x_wconf 78' lang='lat' dir='ltr'>intueor</span> <span class='ocrx_word' id='word_1_343' title='bbox 509 3308 630 3360; x_wconf 79' lang='lat' dir='ltr'>inauditi</span> <span class='ocrx_word' id='word_1_344' title='bbox 637 3306 662 3340; x_wconf 90' lang='grc'>11</span> <span class='ocrx_word' id='word_1_345' title='bbox 673 3308 781 3360; x_wconf 82' lang='lat' dir='ltr'>sceleris</span> <span class='ocrx_word' id='word_1_346' title='bbox 793 3312 956 3373; x_wconf 74' lang='lat' dir='ltr'>erprtmentu</span> <span class='ocrx_word' id='word_1_347' title='bbox 974 3313 997 3359; x_wconf 87' lang='lat' dir='ltr'>et</span> <span class='ocrx_word' id='word_1_348' title='bbox 1008 3307 1063 3359; x_wconf 86' lang='lat' dir='ltr'>ictu</span> <span class='ocrx_word' id='word_1_349' title='bbox 1074 3307 1132 3372; x_wconf 77' lang='lat' dir='ltr'>fere</span> <span class='ocrx_word' id='word_1_350' title='bbox 1148 3308 1252 3361; x_wconf 78' lang='lat' dir='ltr'>doloris</span> <span class='ocrx_word' id='word_1_351' title='bbox 1269 3307 1393 3372; x_wconf 85' lang='lat' dir='ltr'>cmorior,</span> <span class='ocrx_word' id='word_1_352' title='bbox 1401 3307 1457 3359; x_wconf 80' lang='lat' dir='ltr'>uisi</span> 
     </span>
    </p>
   </div>
   <div class='ocr_carea' id='block_1_5' title="bbox 223 3481 1460 4864">
    <p class='ocr_par' dir='ltr' id='par_1_9' title="bbox 223 3481 1457 3631">
     <span class='ocr_line' id='line_1_31' title="bbox 223 3481 1457 3553; baseline -0.002 -15"><span class='ocrx_word' id='word_1_353' title='bbox 223 3484 288 3524; x_wconf 89' lang='grc'>-11</span> <span class='ocrx_word' id='word_1_354' title='bbox 299 3483 359 3549; x_wconf 87' lang='lat' dir='ltr'>(sed</span> <span class='ocrx_word' id='word_1_355' title='bbox 368 3483 516 3553; x_wconf 88' lang='lat' dir='ltr'>quid-inst.)</span> <span class='ocrx_word' id='word_1_356' title='bbox 526 3501 575 3538; x_wconf 89' lang='lat' dir='ltr'>om.</span> <span class='ocrx_word' id='word_1_357' title='bbox 583 3485 606 3538; x_wconf 97' lang='grc'>1.</span> <span class='ocrx_word' id='word_1_358' title='bbox 615 3511 645 3522; x_wconf 86' lang='grc'><strong>-</strong></span> <span class='ocrx_word' id='word_1_359' title='bbox 655 3484 679 3518; x_wconf 88' lang='grc'>11</span> <span class='ocrx_word' id='word_1_360' title='bbox 688 3483 746 3553; x_wconf 84' lang='lat' dir='ltr'>(qui</span> <span class='ocrx_word' id='word_1_361' title='bbox 756 3483 805 3551; x_wconf 85' lang='lat' dir='ltr'>illi)</span> <span class='ocrx_word' id='word_1_362' title='bbox 814 3483 941 3552; x_wconf 87' lang='lat' dir='ltr'>quihanc</span> <span class='ocrx_word' id='word_1_363' title='bbox 950 3483 989 3537; x_wconf 91' lang='lat' dir='ltr'>illi</span> <span class='ocrx_word' id='word_1_364' title='bbox 998 3484 1021 3547; x_wconf 90' lang='grc'>1,</span> <span class='ocrx_word' id='word_1_365' title='bbox 1029 3482 1091 3549; x_wconf 64' lang='grc'>15)</span> <span class='ocrx_word' id='word_1_366' title='bbox 1104 3481 1153 3550; x_wconf 92' lang='lat' dir='ltr'>qui</span> <span class='ocrx_word' id='word_1_367' title='bbox 1162 3481 1235 3535; x_wconf 88' lang='lat' dir='ltr'>banc</span> <span class='ocrx_word' id='word_1_368' title='bbox 1241 3482 1265 3535; x_wconf 85' lang='lat'>3.</span> <span class='ocrx_word' id='word_1_369' title='bbox 1275 3511 1307 3519; x_wconf 93' lang='lat'>—</span> <span class='ocrx_word' id='word_1_370' title='bbox 1315 3482 1340 3517; x_wconf 89' lang='grc'>11</span> <span class='ocrx_word' id='word_1_371' title='bbox 1349 3497 1457 3536; x_wconf 89' lang='lat' dir='ltr'>reman-</span> 
     </span>
     <span class='ocr_line' id='line_1_32' title="bbox 223 3566 1016 3631; baseline -0.003 -10"><span class='ocrx_word' id='word_1_372' title='bbox 223 3568 305 3621; x_wconf 87' lang='lat' dir='ltr'>sisset</span> <span class='ocrx_word' id='word_1_373' title='bbox 312 3568 366 3621; x_wconf 89' lang='grc'><strong>3-5.</strong></span> <span class='ocrx_word' id='word_1_374' title='bbox 378 3566 440 3605; x_wconf 85' lang='grc'>-11</span> <span class='ocrx_word' id='word_1_375' title='bbox 448 3566 596 3621; x_wconf 76' lang='lat' dir='ltr'>novissetd</span> <span class='ocrx_word' id='word_1_376' title='bbox 606 3586 612 3630; x_wconf 88' lang='lat'>;</span> <span class='ocrx_word' id='word_1_377' title='bbox 624 3567 682 3621; x_wconf 94' lang='lat' dir='ltr'>erui</span> <span class='ocrx_word' id='word_1_378' title='bbox 691 3566 854 3631; x_wconf 87' lang='lat' dir='ltr'>novisset3;</span> <span class='ocrx_word' id='word_1_379' title='bbox 866 3567 982 3621; x_wconf 86' lang='lat' dir='ltr'>eruisset</span> <span class='ocrx_word' id='word_1_380' title='bbox 992 3568 1016 3619; x_wconf 87' lang='lat'>5.</span> 
     </span>
    </p>

    <p class='ocr_par' dir='ltr' id='par_1_10' title="bbox 223 3646 1460 4779">
     <span class='ocr_line' id='line_1_33' title="bbox 257 3646 1456 3720; baseline -0.003 -16"><span class='ocrx_word' id='word_1_381' title='bbox 257 3649 329 3704; x_wconf 76' lang='lat' dir='ltr'>Nur.</span> <span class='ocrx_word' id='word_1_382' title='bbox 341 3650 365 3703; x_wconf 92' lang='grc'>6.</span> <span class='ocrx_word' id='word_1_383' title='bbox 376 3682 409 3690; x_wconf 96' lang='grc'>-</span> <span class='ocrx_word' id='word_1_384' title='bbox 419 3650 429 3684; x_wconf 93' lang='grc'>1</span> <span class='ocrx_word' id='word_1_385' title='bbox 441 3666 506 3720; x_wconf 78' lang='lat' dir='ltr'>erqo</span> <span class='ocrx_word' id='word_1_386' title='bbox 518 3651 541 3713; x_wconf 90' lang='grc'>3,</span> <span class='ocrx_word' id='word_1_387' title='bbox 553 3651 577 3703; x_wconf 90' lang='grc'>5.</span> <span class='ocrx_word' id='word_1_388' title='bbox 586 3678 618 3687; x_wconf 95' lang='grc'>-</span> <span class='ocrx_word' id='word_1_389' title='bbox 630 3649 643 3684; x_wconf 89' lang='grc'>1</span> <span class='ocrx_word' id='word_1_390' title='bbox 655 3650 751 3704; x_wconf 91' lang='lat' dir='ltr'>doctus</span> <span class='ocrx_word' id='word_1_391' title='bbox 763 3650 814 3703; x_wconf 82' lang='grc'>15.</span> <span class='ocrx_word' id='word_1_392' title='bbox 826 3649 880 3687; x_wconf 88' lang='grc'>-1</span> <span class='ocrx_word' id='word_1_393' title='bbox 897 3651 928 3715; x_wconf 83' lang='lat' dir='ltr'>(r.</span> <span class='ocrx_word' id='word_1_394' title='bbox 940 3649 975 3716; x_wconf 82' lang='lat' dir='ltr'>g.)</span> <span class='ocrx_word' id='word_1_395' title='bbox 988 3646 1058 3715; x_wconf 80' lang='lat' dir='ltr'>regis</span> <span class='ocrx_word' id='word_1_396' title='bbox 1070 3664 1094 3716; x_wconf 80' lang='lat' dir='ltr'>g.</span> <span class='ocrx_word' id='word_1_397' title='bbox 1106 3647 1130 3710; x_wconf 86' lang='grc'>1,</span> <span class='ocrx_word' id='word_1_398' title='bbox 1141 3648 1166 3711; x_wconf 81' lang='grc'>1,</span> <span class='ocrx_word' id='word_1_399' title='bbox 1178 3648 1211 3710; x_wconf 92' lang='grc'><strong>5;</strong></span> <span class='ocrx_word' id='word_1_400' title='bbox 1224 3648 1295 3716; x_wconf 77' lang='lat' dir='ltr'>regis</span> <span class='ocrx_word' id='word_1_401' title='bbox 1315 3647 1421 3701; x_wconf 91' lang='lat' dir='ltr'>semine</span> <span class='ocrx_word' id='word_1_402' title='bbox 1432 3647 1456 3701; x_wconf 88' lang='lat'>3.</span> 
     </span>
     <span class='ocr_line' id='line_1_34' title="bbox 224 3729 1457 3801; baseline -0.002 -16"><span class='ocrx_word' id='word_1_403' title='bbox 224 3731 278 3773; x_wconf 92' lang='lat'>--⁴</span> <span class='ocrx_word' id='word_1_404' title='bbox 289 3732 429 3801; x_wconf 90' lang='lat' dir='ltr'>quondam</span> <span class='ocrx_word' id='word_1_405' title='bbox 441 3733 466 3797; x_wconf 89' lang='lat'>3,</span> <span class='ocrx_word' id='word_1_406' title='bbox 477 3734 501 3786; x_wconf 98' lang='grc'>5.</span> <span class='ocrx_word' id='word_1_407' title='bbox 513 3761 544 3770; x_wconf 88' lang='grc'>-</span> <span class='ocrx_word' id='word_1_408' title='bbox 558 3732 608 3787; x_wconf 82' lang='lat' dir='ltr'>⁶se</span> <span class='ocrx_word' id='word_1_409' title='bbox 619 3733 644 3798; x_wconf 86' lang='grc'>1,</span> <span class='ocrx_word' id='word_1_410' title='bbox 656 3732 680 3786; x_wconf 90' lang='grc'>3.</span> <span class='ocrx_word' id='word_1_411' title='bbox 688 3732 742 3771; x_wconf 91' lang='grc'>-1</span> <span class='ocrx_word' id='word_1_412' title='bbox 754 3733 820 3785; x_wconf 91' lang='lat' dir='ltr'>dum</span> <span class='ocrx_word' id='word_1_413' title='bbox 832 3734 898 3785; x_wconf 88' lang='grc'>5.-</span> <span class='ocrx_word' id='word_1_414' title='bbox 911 3731 960 3795; x_wconf 80' lang='grc'><strong>111.</strong></span> <span class='ocrx_word' id='word_1_415' title='bbox 972 3729 1007 3794; x_wconf 86' lang='lat' dir='ltr'>a.)</span> <span class='ocrx_word' id='word_1_416' title='bbox 1019 3746 1103 3797; x_wconf 78' lang='lat' dir='ltr'>ereper</span> <span class='ocrx_word' id='word_1_417' title='bbox 1114 3746 1246 3782; x_wconf 82' lang='lat' dir='ltr'>rasuram</span> <span class='ocrx_word' id='word_1_418' title='bbox 1260 3731 1282 3783; x_wconf 93' lang='lat' dir='ltr'>l.</span> <span class='ocrx_word' id='word_1_419' title='bbox 1295 3758 1327 3767; x_wconf 86' lang='lat'>—</span> <span class='ocrx_word' id='word_1_420' title='bbox 1339 3730 1351 3764; x_wconf 91' lang='grc'>1</span> <span class='ocrx_word' id='word_1_421' title='bbox 1363 3730 1457 3797; x_wconf 88' lang='lat' dir='ltr'>hujus·</span> 
     </span>
     <span class='ocr_line' id='line_1_35' title="bbox 223 3812 1457 3882; baseline -0.002 -13"><span class='ocrx_word' id='word_1_422' title='bbox 223 3815 301 3869; x_wconf 93' lang='lat' dir='ltr'>modi</span> <span class='ocrx_word' id='word_1_423' title='bbox 312 3815 337 3880; x_wconf 88' lang='grc'><strong>3,</strong></span> <span class='ocrx_word' id='word_1_424' title='bbox 346 3816 370 3869; x_wconf 88' lang='grc'>5.</span> <span class='ocrx_word' id='word_1_425' title='bbox 382 3845 414 3854; x_wconf 88' lang='grc'><strong>-</strong></span> <span class='ocrx_word' id='word_1_426' title='bbox 424 3816 436 3851; x_wconf 88' lang='grc'>1</span> <span class='ocrx_word' id='word_1_427' title='bbox 447 3814 475 3882; x_wconf 90' lang='grc'>(1.</span> <span class='ocrx_word' id='word_1_428' title='bbox 488 3832 508 3869; x_wconf 95' lang='lat' dir='ltr'>s.</span> <span class='ocrx_word' id='word_1_429' title='bbox 518 3832 538 3869; x_wconf 93' lang='lat' dir='ltr'>r.</span> <span class='ocrx_word' id='word_1_430' title='bbox 548 3815 595 3882; x_wconf 88' lang='grc' dir='ltr'><strong>ιιι.)</strong></span> <span class='ocrx_word' id='word_1_431' title='bbox 607 3832 628 3869; x_wconf 87' lang='lat' dir='ltr'>s.</span> <span class='ocrx_word' id='word_1_432' title='bbox 639 3815 655 3869; x_wconf 95' lang='lat' dir='ltr'>i.</span> <span class='ocrx_word' id='word_1_433' title='bbox 668 3831 688 3868; x_wconf 91' lang='lat' dir='ltr'>r.</span> <span class='ocrx_word' id='word_1_434' title='bbox 700 3831 738 3869; x_wconf 94' lang='lat' dir='ltr'>m.</span> <span class='ocrx_word' id='word_1_435' title='bbox 749 3815 766 3868; x_wconf 89' lang='lat'><strong>3</strong></span> <span class='ocrx_word' id='word_1_436' title='bbox 774 3833 780 3878; x_wconf 92' lang='lat'>;</span> <span class='ocrx_word' id='word_1_437' title='bbox 794 3831 815 3868; x_wconf 88' lang='lat' dir='ltr'>s.</span> <span class='ocrx_word' id='word_1_438' title='bbox 827 3830 864 3867; x_wconf 89' lang='lat' dir='ltr'>m.</span> <span class='ocrx_word' id='word_1_439' title='bbox 877 3814 894 3867; x_wconf 91' lang='lat' dir='ltr'>i.</span> <span class='ocrx_word' id='word_1_440' title='bbox 911 3812 1112 3881; x_wconf 50' lang='grc'><strong>109111111-</strong></span> <span class='ocrx_word' id='word_1_441' title='bbox 1126 3812 1150 3845; x_wconf 83' lang='lat'>¹⁰</span> <span class='ocrx_word' id='word_1_442' title='bbox 1161 3812 1194 3879; x_wconf 90' lang='lat' dir='ltr'>(c.</span> <span class='ocrx_word' id='word_1_443' title='bbox 1204 3812 1238 3879; x_wconf 87' lang='lat' dir='ltr'>c.)</span> <span class='ocrx_word' id='word_1_444' title='bbox 1250 3829 1273 3867; x_wconf 92' lang='lat' dir='ltr'>c.</span> <span class='ocrx_word' id='word_1_445' title='bbox 1285 3828 1314 3866; x_wconf 91' lang='lat' dir='ltr'>se</span> <span class='ocrx_word' id='word_1_446' title='bbox 1324 3827 1347 3866; x_wconf 90' lang='lat' dir='ltr'>e.</span> <span class='ocrx_word' id='word_1_447' title='bbox 1358 3814 1388 3876; x_wconf 71' lang='lat'>45</span> <span class='ocrx_word' id='word_1_448' title='bbox 1401 3830 1423 3866; x_wconf 89' lang='lat' dir='ltr'>c.</span> <span class='ocrx_word' id='word_1_449' title='bbox 1434 3828 1457 3866; x_wconf 91' lang='lat' dir='ltr'>e.</span> 
     </span>
     <span class='ocr_line' id='line_1_36' title="bbox 223 3893 1457 3967; baseline -0.002 -16"><span class='ocrx_word' id='word_1_450' title='bbox 223 3913 254 3951; x_wconf 89' lang='lat' dir='ltr'>se</span> <span class='ocrx_word' id='word_1_451' title='bbox 273 3898 297 3951; x_wconf 88' lang='grc'>3.</span> <span class='ocrx_word' id='word_1_452' title='bbox 315 3925 348 3935; x_wconf 98' lang='grc'>-</span> <span class='ocrx_word' id='word_1_453' title='bbox 360 3898 383 3932; x_wconf 86' lang='grc'>11</span> <span class='ocrx_word' id='word_1_454' title='bbox 398 3903 426 3952; x_wconf 90' lang='lat' dir='ltr'>et</span> <span class='ocrx_word' id='word_1_455' title='bbox 443 3898 466 3952; x_wconf 86' lang='grc'>1.</span> <span class='ocrx_word' id='word_1_456' title='bbox 478 3925 512 3937; x_wconf 89' lang='grc'><strong>-</strong></span> <span class='ocrx_word' id='word_1_457' title='bbox 524 3898 547 3932; x_wconf 89' lang='grc'>11</span> <span class='ocrx_word' id='word_1_458' title='bbox 559 3897 655 3967; x_wconf 87' lang='lat' dir='ltr'>recipit</span> <span class='ocrx_word' id='word_1_459' title='bbox 671 3899 703 3962; x_wconf 70' lang='lat' dir='ltr'>l:</span> <span class='ocrx_word' id='word_1_460' title='bbox 715 3896 811 3966; x_wconf 88' lang='lat' dir='ltr'>recipit</span> <span class='ocrx_word' id='word_1_461' title='bbox 829 3896 857 3949; x_wconf 93' lang='lat' dir='ltr'>in</span> <span class='ocrx_word' id='word_1_462' title='bbox 877 3897 901 3958; x_wconf 90' lang='grc'>1,</span> <span class='ocrx_word' id='word_1_463' title='bbox 918 3896 942 3962; x_wconf 88' lang='grc'><strong>3,</strong></span> <span class='ocrx_word' id='word_1_464' title='bbox 963 3896 987 3948; x_wconf 98' lang='grc'>5.</span> <span class='ocrx_word' id='word_1_465' title='bbox 1000 3926 1032 3935; x_wconf 97' lang='grc'>-</span> <span class='ocrx_word' id='word_1_466' title='bbox 1045 3895 1068 3929; x_wconf 89' lang='grc'>11</span> <span class='ocrx_word' id='word_1_467' title='bbox 1080 3893 1114 3959; x_wconf 87' lang='lat' dir='ltr'>(e.</span> <span class='ocrx_word' id='word_1_468' title='bbox 1124 3911 1146 3948; x_wconf 87' lang='lat' dir='ltr'>c.</span> <span class='ocrx_word' id='word_1_469' title='bbox 1164 3894 1200 3964; x_wconf 88' lang='lat' dir='ltr'>p.)</span> <span class='ocrx_word' id='word_1_470' title='bbox 1213 3912 1236 3948; x_wconf 90' lang='lat' dir='ltr'>c.</span> <span class='ocrx_word' id='word_1_471' title='bbox 1260 3910 1283 3949; x_wconf 88' lang='lat' dir='ltr'>e.</span> <span class='ocrx_word' id='word_1_472' title='bbox 1294 3912 1320 3965; x_wconf 88' lang='lat' dir='ltr'>p.</span> <span class='ocrx_word' id='word_1_473' title='bbox 1331 3896 1422 3959; x_wconf 83' lang='lat' dir='ltr'>3·5;e.</span> <span class='ocrx_word' id='word_1_474' title='bbox 1435 3912 1457 3949; x_wconf 90' lang='lat' dir='ltr'>c.</span> 
     </span>
     <span class='ocr_line' id='line_1_37' title="bbox 223 3975 1457 4049; baseline -0.002 -15"><span class='ocrx_word' id='word_1_475' title='bbox 223 3979 380 4049; x_wconf 89' lang='lat' dir='ltr'>perdictura</span> <span class='ocrx_word' id='word_1_476' title='bbox 388 3980 454 4033; x_wconf 86' lang='grc'>1,-</span> <span class='ocrx_word' id='word_1_477' title='bbox 470 3981 494 4015; x_wconf 92' lang='grc'>11</span> <span class='ocrx_word' id='word_1_478' title='bbox 502 3998 585 4049; x_wconf 71' lang='lat' dir='ltr'>cirpea·</span> <span class='ocrx_word' id='word_1_479' title='bbox 602 3998 732 4035; x_wconf 82' lang='lat' dir='ltr'>reserem</span> <span class='ocrx_word' id='word_1_480' title='bbox 752 3981 775 4034; x_wconf 94' lang='lat'>1.</span> <span class='ocrx_word' id='word_1_481' title='bbox 792 4009 824 4017; x_wconf 98' lang='lat'><strong>—</strong></span> <span class='ocrx_word' id='word_1_482' title='bbox 838 3978 861 4013; x_wconf 86' lang='lat'>¹⁶</span> <span class='ocrx_word' id='word_1_483' title='bbox 871 3978 899 4045; x_wconf 85' lang='grc'>(1.</span> <span class='ocrx_word' id='word_1_484' title='bbox 912 3977 960 4044; x_wconf 87' lang='grc' dir='ltr'><strong>ιιι.)</strong></span> <span class='ocrx_word' id='word_1_485' title='bbox 972 3994 1008 4031; x_wconf 85' lang='grc' dir='ltr'><strong>ιιι.</strong></span> <span class='ocrx_word' id='word_1_486' title='bbox 1026 3975 1043 4030; x_wconf 91' lang='grc'>1.</span> <span class='ocrx_word' id='word_1_487' title='bbox 1054 3977 1111 4042; x_wconf 81' lang='grc'><strong>3,1.</strong></span> <span class='ocrx_word' id='word_1_488' title='bbox 1124 4004 1157 4017; x_wconf 94' lang='grc'>-</span> <span class='ocrx_word' id='word_1_489' title='bbox 1177 3977 1201 4012; x_wconf 85' lang='grc'>11</span> <span class='ocrx_word' id='word_1_490' title='bbox 1218 3976 1378 4047; x_wconf 92' lang='lat' dir='ltr'>prolationis</span> <span class='ocrx_word' id='word_1_491' title='bbox 1392 3979 1457 4032; x_wconf 91' lang='grc'>3.-</span> 
     </span>
     <span class='ocr_line' id='line_1_38' title="bbox 226 4060 1457 4129; baseline -0.002 -12"><span class='ocrx_word' id='word_1_492' title='bbox 226 4063 250 4097; x_wconf 89' lang='grc'>11</span> <span class='ocrx_word' id='word_1_493' title='bbox 262 4066 290 4117; x_wconf 90' lang='lat' dir='ltr'>et</span> <span class='ocrx_word' id='word_1_494' title='bbox 302 4062 378 4117; x_wconf 86' lang='lat' dir='ltr'>velut</span> <span class='ocrx_word' id='word_1_495' title='bbox 389 4063 442 4117; x_wconf 78' lang='lat'>35.</span> <span class='ocrx_word' id='word_1_496' title='bbox 451 4089 485 4102; x_wconf 93' lang='lat'><em>-</em></span> <span class='ocrx_word' id='word_1_497' title='bbox 495 4064 519 4097; x_wconf 88' lang='grc'>11</span> <span class='ocrx_word' id='word_1_498' title='bbox 530 4063 572 4127; x_wconf 72' lang='lat' dir='ltr'>(re.</span> <span class='ocrx_word' id='word_1_499' title='bbox 587 4063 613 4128; x_wconf 94' lang='grc'>1.)</span> <span class='ocrx_word' id='word_1_500' title='bbox 625 4064 641 4117; x_wconf 94' lang='lat' dir='ltr'>i.</span> <span class='ocrx_word' id='word_1_501' title='bbox 660 4079 690 4116; x_wconf 83' lang='lat' dir='ltr'>ae.</span> <span class='ocrx_word' id='word_1_502' title='bbox 702 4063 726 4126; x_wconf 92' lang='grc'><strong>3,</strong></span> <span class='ocrx_word' id='word_1_503' title='bbox 745 4063 818 4124; x_wconf 78' lang='lat' dir='ltr'>5;ae.</span> <span class='ocrx_word' id='word_1_504' title='bbox 829 4061 856 4114; x_wconf 94' lang='lat' dir='ltr'>in</span> <span class='ocrx_word' id='word_1_505' title='bbox 873 4060 889 4114; x_wconf 92' lang='lat' dir='ltr'>i.</span> <span class='ocrx_word' id='word_1_506' title='bbox 902 4060 1092 4129; x_wconf 62' lang='grc'><strong>1,-1151111</strong></span> <span class='ocrx_word' id='word_1_507' title='bbox 1110 4060 1211 4114; x_wconf 88' lang='lat' dir='ltr'>teneris</span> <span class='ocrx_word' id='word_1_508' title='bbox 1229 4061 1251 4114; x_wconf 94' lang='lat'>1.</span> <span class='ocrx_word' id='word_1_509' title='bbox 1264 4088 1295 4099; x_wconf 93' lang='lat'><em>-</em></span> <span class='ocrx_word' id='word_1_510' title='bbox 1308 4060 1332 4094; x_wconf 88' lang='grc'>11</span> <span class='ocrx_word' id='word_1_511' title='bbox 1344 4063 1383 4114; x_wconf 84' lang='lat' dir='ltr'>ite</span> <span class='ocrx_word' id='word_1_512' title='bbox 1395 4061 1457 4125; x_wconf 82' lang='grc'><strong>1-1;</strong></span> 
     </span>
     <span class='ocr_line' id='line_1_39' title="bbox 224 4143 1457 4212; baseline -0.002 -12"><span class='ocrx_word' id='word_1_513' title='bbox 224 4145 585 4209; x_wconf 86' lang='lat' dir='ltr'>serrnonis5;sermonibus</span> <span class='ocrx_word' id='word_1_514' title='bbox 598 4147 620 4200; x_wconf 90' lang='lat'>1.</span> <span class='ocrx_word' id='word_1_515' title='bbox 630 4175 662 4183; x_wconf 89' lang='lat'>-</span> <span class='ocrx_word' id='word_1_516' title='bbox 674 4146 696 4180; x_wconf 88' lang='grc'>11</span> <span class='ocrx_word' id='word_1_517' title='bbox 708 4145 790 4212; x_wconf 86' lang='lat' dir='ltr'>hujus</span> <span class='ocrx_word' id='word_1_518' title='bbox 802 4146 826 4198; x_wconf 88' lang='lat'>5.</span> <span class='ocrx_word' id='word_1_519' title='bbox 838 4173 870 4181; x_wconf 97' lang='lat'>—</span> <span class='ocrx_word' id='word_1_520' title='bbox 880 4143 904 4177; x_wconf 89' lang='grc'>11</span> <span class='ocrx_word' id='word_1_521' title='bbox 916 4144 953 4210; x_wconf 87' lang='grc' dir='ltr'><strong>(ιι.</strong></span> <span class='ocrx_word' id='word_1_522' title='bbox 966 4143 1021 4211; x_wconf 70' lang='grc'><strong>1.).)</strong></span> <span class='ocrx_word' id='word_1_523' title='bbox 1033 4143 1141 4207; x_wconf 76' lang='lat' dir='ltr'>iret-53</span> <span class='ocrx_word' id='word_1_524' title='bbox 1149 4143 1169 4210; x_wconf 88' lang='lat' dir='ltr'>j.</span> <span class='ocrx_word' id='word_1_525' title='bbox 1179 4144 1195 4196; x_wconf 88' lang='lat' dir='ltr'>f.</span> <span class='ocrx_word' id='word_1_526' title='bbox 1207 4145 1268 4197; x_wconf 91' lang='lat'>1.-</span> <span class='ocrx_word' id='word_1_527' title='bbox 1278 4143 1302 4177; x_wconf 89' lang='grc'>11</span> <span class='ocrx_word' id='word_1_528' title='bbox 1312 4143 1457 4198; x_wconf 88' lang='lat' dir='ltr'>caritatum</span> 
     </span>
     <span class='ocr_line' id='line_1_40' title="bbox 223 4224 1454 4298; baseline -0.002 -15"><span class='ocrx_word' id='word_1_529' title='bbox 223 4229 250 4283; x_wconf 89' lang='grc'>3.</span> <span class='ocrx_word' id='word_1_530' title='bbox 259 4256 290 4267; x_wconf 93' lang='grc'>-</span> <span class='ocrx_word' id='word_1_531' title='bbox 303 4227 327 4262; x_wconf 90' lang='grc'>11</span> <span class='ocrx_word' id='word_1_532' title='bbox 340 4228 378 4297; x_wconf 86' lang='lat' dir='ltr'>(p.</span> <span class='ocrx_word' id='word_1_533' title='bbox 391 4228 424 4296; x_wconf 87' lang='lat' dir='ltr'>s.)</span> <span class='ocrx_word' id='word_1_534' title='bbox 436 4245 457 4282; x_wconf 93' lang='lat' dir='ltr'>s.</span> <span class='ocrx_word' id='word_1_535' title='bbox 469 4246 494 4298; x_wconf 91' lang='lat' dir='ltr'>p.</span> <span class='ocrx_word' id='word_1_536' title='bbox 506 4229 558 4282; x_wconf 90' lang='grc'><strong>1-5.</strong></span> <span class='ocrx_word' id='word_1_537' title='bbox 568 4228 634 4267; x_wconf 87' lang='grc'>-11</span> <span class='ocrx_word' id='word_1_538' title='bbox 646 4229 752 4282; x_wconf 85' lang='lat' dir='ltr'>faustus</span> <span class='ocrx_word' id='word_1_539' title='bbox 761 4227 855 4281; x_wconf 86' lang='lat'>3-5.-</span> <span class='ocrx_word' id='word_1_540' title='bbox 867 4226 891 4261; x_wconf 88' lang='grc'>11</span> <span class='ocrx_word' id='word_1_541' title='bbox 909 4243 960 4280; x_wconf 80' lang='lat' dir='ltr'>eru.</span> <span class='ocrx_word' id='word_1_542' title='bbox 971 4227 1004 4288; x_wconf 80' lang='grc'>1;</span> <span class='ocrx_word' id='word_1_543' title='bbox 1016 4224 1131 4279; x_wconf 88' lang='lat' dir='ltr'>forsitan</span> <span class='ocrx_word' id='word_1_544' title='bbox 1148 4226 1173 4279; x_wconf 84' lang='lat'>3.</span> <span class='ocrx_word' id='word_1_545' title='bbox 1183 4253 1215 4264; x_wconf 89' lang='lat'>-</span> <span class='ocrx_word' id='word_1_546' title='bbox 1230 4226 1254 4260; x_wconf 89' lang='grc'>11</span> <span class='ocrx_word' id='word_1_547' title='bbox 1270 4225 1378 4281; x_wconf 89' lang='lat' dir='ltr'>influxit</span> <span class='ocrx_word' id='word_1_548' title='bbox 1388 4228 1412 4280; x_wconf 89' lang='grc'>1.</span> <span class='ocrx_word' id='word_1_549' title='bbox 1425 4257 1454 4266; x_wconf 89' lang='grc'>-</span> 
     </span>
     <span class='ocr_line' id='line_1_41' title="bbox 224 4307 1458 4381; baseline 0 -18"><span class='ocrx_word' id='word_1_550' title='bbox 224 4310 249 4346; x_wconf 85' lang='grc'>11</span> <span class='ocrx_word' id='word_1_551' title='bbox 261 4312 298 4380; x_wconf 85' lang='lat' dir='ltr'>(q.</span> <span class='ocrx_word' id='word_1_552' title='bbox 311 4310 343 4376; x_wconf 90' lang='lat' dir='ltr'>r.)</span> <span class='ocrx_word' id='word_1_553' title='bbox 354 4328 379 4380; x_wconf 88' lang='lat' dir='ltr'>q.</span> <span class='ocrx_word' id='word_1_554' title='bbox 389 4311 473 4380; x_wconf 81' lang='lat' dir='ltr'>regali</span> <span class='ocrx_word' id='word_1_555' title='bbox 484 4313 508 4375; x_wconf 90' lang='grc'>1,</span> <span class='ocrx_word' id='word_1_556' title='bbox 520 4313 548 4375; x_wconf 78' lang='grc'>1;</span> <span class='ocrx_word' id='word_1_557' title='bbox 560 4328 586 4381; x_wconf 93' lang='lat' dir='ltr'>q.</span> <span class='ocrx_word' id='word_1_558' title='bbox 596 4310 695 4380; x_wconf 78' lang='lat' dir='ltr'>regalis</span> <span class='ocrx_word' id='word_1_559' title='bbox 709 4312 754 4364; x_wconf 89' lang='grc'>3-5</span> <span class='ocrx_word' id='word_1_560' title='bbox 762 4329 769 4374; x_wconf 88' lang='grc'><strong>;</strong></span> <span class='ocrx_word' id='word_1_561' title='bbox 779 4326 863 4379; x_wconf 89' lang='lat' dir='ltr'>quam</span> <span class='ocrx_word' id='word_1_562' title='bbox 876 4324 896 4361; x_wconf 91' lang='lat' dir='ltr'>r.</span> <span class='ocrx_word' id='word_1_563' title='bbox 907 4310 929 4363; x_wconf 94' lang='lat'>1.</span> <span class='ocrx_word' id='word_1_564' title='bbox 941 4308 1042 4374; x_wconf 81' lang='grc'><strong>-1111,</strong></span> <span class='ocrx_word' id='word_1_565' title='bbox 1055 4308 1082 4361; x_wconf 92' lang='lat' dir='ltr'>h.</span> <span class='ocrx_word' id='word_1_566' title='bbox 1094 4307 1141 4374; x_wconf 90' lang='lat' dir='ltr'>m.)</span> <span class='ocrx_word' id='word_1_567' title='bbox 1155 4308 1171 4361; x_wconf 92' lang='lat' dir='ltr'>i.</span> <span class='ocrx_word' id='word_1_568' title='bbox 1184 4325 1220 4362; x_wconf 91' lang='lat' dir='ltr'>m.</span> <span class='ocrx_word' id='word_1_569' title='bbox 1232 4308 1259 4365; x_wconf 89' lang='lat' dir='ltr'>b.</span> <span class='ocrx_word' id='word_1_570' title='bbox 1274 4309 1298 4362; x_wconf 90' lang='grc'>1.</span> <span class='ocrx_word' id='word_1_571' title='bbox 1310 4311 1342 4373; x_wconf 88' lang='grc'><strong>5;</strong></span> <span class='ocrx_word' id='word_1_572' title='bbox 1355 4326 1391 4364; x_wconf 91' lang='lat' dir='ltr'>m.</span> <span class='ocrx_word' id='word_1_573' title='bbox 1402 4309 1418 4362; x_wconf 92' lang='lat' dir='ltr'>i.</span> <span class='ocrx_word' id='word_1_574' title='bbox 1431 4310 1458 4363; x_wconf 93' lang='lat' dir='ltr'>b.</span> 
     </span>
     <span class='ocr_line' id='line_1_42' title="bbox 223 4391 1459 4463; baseline -0.002 -15"><span class='ocrx_word' id='word_1_575' title='bbox 223 4395 249 4448; x_wconf 78' lang='grc'>1.</span> <span class='ocrx_word' id='word_1_576' title='bbox 261 4422 293 4432; x_wconf 91' lang='grc'>-</span> <span class='ocrx_word' id='word_1_577' title='bbox 306 4394 379 4460; x_wconf 84' lang='grc' dir='ltr'><strong>11(ι1.</strong></span> <span class='ocrx_word' id='word_1_578' title='bbox 398 4409 420 4447; x_wconf 88' lang='lat' dir='ltr'>e.</span> <span class='ocrx_word' id='word_1_579' title='bbox 430 4411 451 4448; x_wconf 90' lang='lat' dir='ltr'>s.</span> <span class='ocrx_word' id='word_1_580' title='bbox 472 4394 499 4459; x_wconf 91' lang='grc'>1.)</span> <span class='ocrx_word' id='word_1_581' title='bbox 509 4393 679 4463; x_wconf 89' lang='lat' dir='ltr'>contemptui</span> <span class='ocrx_word' id='word_1_582' title='bbox 692 4394 708 4447; x_wconf 92' lang='lat' dir='ltr'>i.</span> <span class='ocrx_word' id='word_1_583' title='bbox 718 4409 741 4447; x_wconf 88' lang='lat' dir='ltr'>e.</span> <span class='ocrx_word' id='word_1_584' title='bbox 760 4411 781 4447; x_wconf 90' lang='lat' dir='ltr'>s.</span> <span class='ocrx_word' id='word_1_585' title='bbox 800 4408 874 4446; x_wconf 88' lang='lat' dir='ltr'>esses</span> <span class='ocrx_word' id='word_1_586' title='bbox 883 4393 915 4456; x_wconf 88' lang='grc'>1;</span> <span class='ocrx_word' id='word_1_587' title='bbox 932 4391 1102 4460; x_wconf 87' lang='lat' dir='ltr'>contemptui</span> <span class='ocrx_word' id='word_1_588' title='bbox 1115 4391 1181 4460; x_wconf 89' lang='lat' dir='ltr'>quia</span> <span class='ocrx_word' id='word_1_589' title='bbox 1192 4407 1215 4445; x_wconf 88' lang='lat' dir='ltr'>e.</span> <span class='ocrx_word' id='word_1_590' title='bbox 1227 4408 1248 4447; x_wconf 84' lang='lat' dir='ltr'>a.</span> <span class='ocrx_word' id='word_1_591' title='bbox 1267 4407 1340 4445; x_wconf 89' lang='lat' dir='ltr'>esses</span> <span class='ocrx_word' id='word_1_592' title='bbox 1351 4394 1383 4456; x_wconf 80' lang='grc'>1;</span> <span class='ocrx_word' id='word_1_593' title='bbox 1396 4409 1459 4446; x_wconf 89' lang='lat' dir='ltr'>con·</span> 
     </span>
     <span class='ocr_line' id='line_1_43' title="bbox 225 4472 1459 4546; baseline -0.001 -15"><span class='ocrx_word' id='word_1_594' title='bbox 225 4476 343 4546; x_wconf 88' lang='lat' dir='ltr'>temptui</span> <span class='ocrx_word' id='word_1_595' title='bbox 353 4475 418 4546; x_wconf 87' lang='lat' dir='ltr'>quia</span> <span class='ocrx_word' id='word_1_596' title='bbox 431 4477 453 4530; x_wconf 87' lang='lat' dir='ltr'>si</span> <span class='ocrx_word' id='word_1_597' title='bbox 463 4493 538 4531; x_wconf 88' lang='lat' dir='ltr'>esses</span> <span class='ocrx_word' id='word_1_598' title='bbox 548 4478 572 4531; x_wconf 89' lang='grc'>5.</span> <span class='ocrx_word' id='word_1_599' title='bbox 587 4506 617 4514; x_wconf 85' lang='grc'>-</span> <span class='ocrx_word' id='word_1_600' title='bbox 626 4477 649 4510; x_wconf 91' lang='grc'>11</span> <span class='ocrx_word' id='word_1_601' title='bbox 659 4480 687 4530; x_wconf 96' lang='lat' dir='ltr'>et</span> <span class='ocrx_word' id='word_1_602' title='bbox 698 4479 761 4530; x_wconf 84' lang='lat' dir='ltr'>edd.</span> <span class='ocrx_word' id='word_1_603' title='bbox 773 4477 797 4529; x_wconf 90' lang='grc'>1.</span> <span class='ocrx_word' id='word_1_604' title='bbox 810 4507 842 4515; x_wconf 99' lang='grc'>-</span> <span class='ocrx_word' id='word_1_605' title='bbox 853 4474 877 4508; x_wconf 87' lang='grc'>11</span> <span class='ocrx_word' id='word_1_606' title='bbox 890 4475 955 4540; x_wconf 86' lang='grc' dir='ltr'><strong>(ιιοιι</strong></span> <span class='ocrx_word' id='word_1_607' title='bbox 968 4472 1141 4542; x_wconf 78' lang='lat' dir='ltr'>esgenitrici)</span> <span class='ocrx_word' id='word_1_608' title='bbox 1152 4473 1191 4527; x_wconf 88' lang='lat' dir='ltr'>lili</span> <span class='ocrx_word' id='word_1_609' title='bbox 1200 4473 1271 4528; x_wconf 87' lang='lat' dir='ltr'>milri</span> <span class='ocrx_word' id='word_1_610' title='bbox 1282 4474 1346 4528; x_wconf 89' lang='lat' dir='ltr'>olim</span> <span class='ocrx_word' id='word_1_611' title='bbox 1357 4474 1459 4530; x_wconf 89' lang='lat' dir='ltr'>haben·</span> 
     </span>
     <span class='ocr_line' id='line_1_44' title="bbox 225 4555 1460 4629; baseline -0.001 -16"><span class='ocrx_word' id='word_1_612' title='bbox 225 4559 276 4614; x_wconf 89' lang='lat' dir='ltr'>dus</span> <span class='ocrx_word' id='word_1_613' title='bbox 285 4559 457 4628; x_wconf 89' lang='lat' dir='ltr'>contemptui</span> <span class='ocrx_word' id='word_1_614' title='bbox 469 4559 516 4629; x_wconf 93' lang='lat' dir='ltr'>qui</span> <span class='ocrx_word' id='word_1_615' title='bbox 525 4559 575 4613; x_wconf 83' lang='lat' dir='ltr'>etsi</span> <span class='ocrx_word' id='word_1_616' title='bbox 586 4575 682 4613; x_wconf 91' lang='lat' dir='ltr'>omnes</span> <span class='ocrx_word' id='word_1_617' title='bbox 694 4556 868 4626; x_wconf 84' lang='lat' dir='ltr'>despicabilis</span> <span class='ocrx_word' id='word_1_618' title='bbox 880 4555 999 4624; x_wconf 79' lang='lat' dir='ltr'>conjugii</span> <span class='ocrx_word' id='word_1_619' title='bbox 1013 4572 1069 4609; x_wconf 90' lang='lat' dir='ltr'>uon</span> <span class='ocrx_word' id='word_1_620' title='bbox 1084 4571 1179 4624; x_wconf 89' lang='lat' dir='ltr'>posses</span> <span class='ocrx_word' id='word_1_621' title='bbox 1191 4571 1317 4611; x_wconf 88' lang='lat' dir='ltr'>essenon</span> <span class='ocrx_word' id='word_1_622' title='bbox 1334 4558 1460 4612; x_wconf 84' lang='lat' dir='ltr'>amabilis</span> 
     </span>
     <span class='ocr_line' id='line_1_45' title="bbox 226 4637 1460 4712; baseline -0.002 -16"><span class='ocrx_word' id='word_1_623' title='bbox 226 4641 357 4712; x_wconf 73' lang='lat' dir='ltr'>genetrici</span> <span class='ocrx_word' id='word_1_624' title='bbox 374 4641 398 4696; x_wconf 88' lang='lat'>3.</span> <span class='ocrx_word' id='word_1_625' title='bbox 407 4669 441 4681; x_wconf 95' lang='lat'><em>-</em></span> <span class='ocrx_word' id='word_1_626' title='bbox 452 4641 476 4676; x_wconf 88' lang='grc'>11</span> <span class='ocrx_word' id='word_1_627' title='bbox 487 4658 538 4695; x_wconf 86' lang='lat' dir='ltr'>om.</span> <span class='ocrx_word' id='word_1_628' title='bbox 549 4643 600 4696; x_wconf 83' lang='grc'>15.</span> <span class='ocrx_word' id='word_1_629' title='bbox 618 4671 651 4680; x_wconf 91' lang='grc'><strong>-</strong></span> <span class='ocrx_word' id='word_1_630' title='bbox 662 4641 687 4675; x_wconf 85' lang='grc'>11</span> <span class='ocrx_word' id='word_1_631' title='bbox 705 4639 816 4709; x_wconf 86' lang='lat' dir='ltr'>quidem</span> <span class='ocrx_word' id='word_1_632' title='bbox 828 4639 894 4703; x_wconf 81' lang='grc'><strong>1,1;</strong></span> <span class='ocrx_word' id='word_1_633' title='bbox 912 4639 948 4706; x_wconf 87' lang='lat' dir='ltr'>(p.</span> <span class='ocrx_word' id='word_1_634' title='bbox 969 4638 1006 4706; x_wconf 89' lang='lat' dir='ltr'>q.)</span> <span class='ocrx_word' id='word_1_635' title='bbox 1025 4641 1103 4705; x_wconf 89' lang='lat' dir='ltr'>parte</span> <span class='ocrx_word' id='word_1_636' title='bbox 1116 4637 1227 4706; x_wconf 87' lang='lat' dir='ltr'>quidem</span> <span class='ocrx_word' id='word_1_637' title='bbox 1237 4640 1261 4692; x_wconf 90' lang='lat'>5.</span> <span class='ocrx_word' id='word_1_638' title='bbox 1273 4669 1305 4677; x_wconf 99' lang='lat'>-</span> <span class='ocrx_word' id='word_1_639' title='bbox 1318 4638 1342 4674; x_wconf 87' lang='grc'>11</span> <span class='ocrx_word' id='word_1_640' title='bbox 1350 4655 1383 4693; x_wconf 89' lang='lat' dir='ltr'>ex</span> <span class='ocrx_word' id='word_1_641' title='bbox 1397 4642 1460 4694; x_wconf 83' lang='lat' dir='ltr'>edd.</span> 
     </span>
     <span class='ocr_line' id='line_1_46' title="bbox 225 4720 1033 4779; baseline -0.006 -1"><span class='ocrx_word' id='word_1_642' title='bbox 225 4725 249 4778; x_wconf 90' lang='grc'>3.</span> <span class='ocrx_word' id='word_1_643' title='bbox 258 4724 323 4766; x_wconf 89' lang='grc'>-11</span> <span class='ocrx_word' id='word_1_644' title='bbox 336 4724 484 4779; x_wconf 87' lang='lat' dir='ltr'>verecundi</span> <span class='ocrx_word' id='word_1_645' title='bbox 495 4726 549 4778; x_wconf 88' lang='grc'><strong>1-5.</strong></span> <span class='ocrx_word' id='word_1_646' title='bbox 561 4754 593 4761; x_wconf 93' lang='grc'>-</span> <span class='ocrx_word' id='word_1_647' title='bbox 605 4724 629 4758; x_wconf 89' lang='grc'>11</span> <span class='ocrx_word' id='word_1_648' title='bbox 643 4727 671 4777; x_wconf 91' lang='lat' dir='ltr'>et</span> <span class='ocrx_word' id='word_1_649' title='bbox 680 4725 742 4778; x_wconf 84' lang='lat' dir='ltr'>edd.</span> <span class='ocrx_word' id='word_1_650' title='bbox 752 4725 776 4777; x_wconf 90' lang='lat'>5.</span> <span class='ocrx_word' id='word_1_651' title='bbox 785 4749 817 4760; x_wconf 97' lang='lat'><em>-</em></span> <span class='ocrx_word' id='word_1_652' title='bbox 829 4722 853 4756; x_wconf 86' lang='grc'>11</span> <span class='ocrx_word' id='word_1_653' title='bbox 863 4720 891 4775; x_wconf 90' lang='lat' dir='ltr'>in</span> <span class='ocrx_word' id='word_1_654' title='bbox 903 4720 998 4774; x_wconf 88' lang='lat' dir='ltr'>auditu</span> <span class='ocrx_word' id='word_1_655' title='bbox 1009 4722 1033 4774; x_wconf 93' lang='lat'>5.</span> 
     </span>
    </p>

    <p class='ocr_par' dir='ltr' id='par_1_11' title="bbox 326 4806 1363 4864">
     <span class='ocr_line' id='line_1_47' title="bbox 326 4806 1363 4864; baseline -0.002 -1"><span class='ocrx_word' id='word_1_656' title='bbox 326 4824 419 4863; x_wconf 73' lang='lat' dir='ltr'>sareu</span> <span class='ocrx_word' id='word_1_657' title='bbox 436 4824 519 4864; x_wconf 83' lang='lat' dir='ltr'>saux.</span> <span class='ocrx_word' id='word_1_658' title='bbox 536 4825 561 4863; x_wconf 88' lang='lat' dir='ltr'>r.</span> <span class='ocrx_word' id='word_1_659' title='bbox 579 4825 608 4863; x_wconf 92' lang='grc' dir='ltr'>ιι.</span> <span class='ocrx_word' id='word_1_660' title='bbox 1330 4806 1363 4861; x_wconf 83' lang='grc'>19</span> 
     </span>
    </p>
   </div>
   <div class='ocr_carea' id='block_1_6' title="bbox 0 0 1645 5400">
    <p class='ocr_par' dir='ltr' id='par_1_12' title="bbox 0 0 1645 5400">
     <span class='ocr_line' id='line_1_48' title="bbox 0 0 1645 5400; baseline 0 0"><span class='ocrx_word' id='word_1_661' title='bbox 0 0 1645 5400; x_wconf 95' lang='lat' dir='ltr'> </span> 
     </span>
    </p>
   </div>
  </div>
 </body>
</html>
