3270 5400
190 360 283 412 3131..
302 360 382 413 ΗΒΕ.
401 360 573 413 sarxena.
594 382 640 391 -··
658 361 807 413 APPBND.
826 361 872 412 ill)
889 361 969 412 COD.
988 361 1024 411 ΝΟ
1041 359 1166 413 tais-26.
1227 338 1296 413 145

492 577 546 634 ne
565 573 672 634 tntsis
692 572 871 633 moribus.

113 761 164 822 is.
180 763 241 819 iton
254 763 373 817 cessavit
385 762 474 817 hostis
485 764 615 831 antiquus
623 762 749 832 persequi
767 778 845 815 nora
863 762 1014 815 sanctitatis
1031 761 1160 816 amicum.
1171 763 1295 833 Denique

81 858 155 927 iprum
173 857 309 913 Eunoniae
322 856 484 911 existentem
505 861 561 910 tarn
580 856 711 910 suavibus
722 855 844 924 pertudit
863 855 995 909 odoribus
1011 860 1041 909 ut
1057 872 1157 910 manus
1173 858 1295 926 proprias

80 959 252 1021 absconderet,
265 973 301 1011 ue
318 954 440 1010 nondum
453 954 505 1009 sihi
518 954 656 1008 consciam
670 954 808 1008 rideretur
820 955 935 1023 prodere
950 956 1132 1009 sanctitatem.
1143 956 1171 1018 Si
1183 958 1294 1025 quando

57 1061 179 1126 igestaret
190 1057 318 1117 calicem.
335 1059 412 1110 tanta
424 1055 551 1124 prodibat
570 1055 603 1108 de
615 1056 675 1123 ipso
687 1055 780 1108 odoris
791 1054 920 1119 suavitas,
932 1059 962 1108 ut
975 1059 1049 1109 totus
1065 1060 1218 1110 conventus
1234 1057 1293 1125 ejus

79 1156 234 1212 dulcedinem
244 1155 399 1210 miraretur.
409 1155 510 1208 Verum
521 1170 577 1208 non
587 1158 627 1207 est
635 1170 732 1223 passus
740 1154 856 1222 Spiritus
864 1154 987 1208 veritatis
995 1171 1105 1208 sernum
1114 1172 1195 1210 suurn
1204 1157 1293 1227 decipi

78 1254 156 1323 spiritu
168 1254 304 1309 falsitatis.
318 1253 397 1308 Unde
409 1269 470 1306 cum
484 1252 529 1306 die
540 1253 659 1321 quadarn
672 1251 807 1319 psalmum
823 1253 955 1318 ‘Jndicu
964 1254 1087 1316 Domine,
1096 1263 1216 1308 nocentes
1227 1273 1289 1321 me,

79 1353 251 1422 propulsandis
280 1351 480 1406 tentationibus
497 1357 596 1414 oraret,
620 1350 752 1419 illumque
769 1350 959 1405 versiculum:
983 1354 994 1377 ⁸
1019 1353 1116 1405 Omnia
1143 1370 1205 1407 osso
1232 1372 1291 1408 nien

78 1454 148 1505 diunt
160 1493 172 1517 ,,
185 1452 271 1506 corde
289 1452 421 1513 volveret,
434 1452 504 1504 mira
522 1450 666 1504 dulcedine
683 1449 809 1519 pertusus
825 1455 875 1507 est.
892 1456 923 1505 ut
941 1466 1004 1504 rere
1022 1451 1179 1506 riderentur
1195 1469 1292 1507 omnes

50 1552 71 1603 u
81 1550 189 1605 nedullre
198 1553 304 1605 ossium
317 1550 377 1619 ejus
387 1550 434 1604 Dei
447 1549 544 1619 spiritu
560 1549 673 1617 irrigari.
685 1550 762 1603 Tunc
775 1566 857 1603 orans
866 1550 1022 1608 Dominum.
1035 1552 1163 1620 cognorit
1173 1568 1222 1620 per
1233 1553 1292 1622 Spi-

82 1649 144 1704 ritum
154 1650 207 1704 boc
216 1650 377 1719 figmentum
391 1666 451 1703 esse
461 1648 635 1703 diabolicum.
643 1654 672 1703 ut
682 1665 743 1703 eum
755 1665 803 1718 per
811 1649 925 1718 gloriam
936 1649 1115 1719 praecipitaret
1125 1651 1243 1705 inanem.
1251 1652 1290 1705 Ex

81 1754 130 1803 truc
140 1766 155 1803 a
165 1749 296 1803 manibus
308 1749 365 1803 suis
377 1751 494 1803 cessarit
504 1749 676 1818 ‹tereptorius
685 1749 754 1803 odor
762 1749 816 1803 ille.

407 1956 460 2012 De
488 1953 764 2012 multiformibus
789 1951 940 2010 insidiis.

10 2180 12 2185 ,
116 2138 164 2199 19.
183 2142 248 2195 Erat
260 2140 298 2193 ibi
313 2139 398 2193 irater
409 2139 603 2201 daemoniacus,
615 2141 684 2193 adeo
702 2139 781 2192 sortis
798 2139 873 2207 quod
890 2155 987 2192 ornnes
1004 2139 1084 2193 funes
1101 2142 1247 2209 rumpebat
1265 2146 1293 2194 et

10 2244 12 2315 ζ
57 2238 79 2288 u
88 2235 180 2293 meula.
189 2238 362 2305 Frequenter
373 2234 457 2288 etiam
467 2233 495 2287 in
509 2233 606 2287 iratres
622 2234 745 2295 saeviens.
758 2233 859 2288 multas
870 2233 910 2287 eis
922 2232 1063 2287 molestias
1080 2233 1222 2289 inferebat.
1238 2233 1292 2302 Qui

10 2328 14 2403 ἶ,
88 2332 162 2401 ligatus
172 2336 198 2391 in
211 2333 447 2402 leeto‚resupinus
462 2333 564 2400 jacens,
581 2333 712 2401 magistro
729 2334 829 2386 astanti
847 2333 933 2386 dixit:
953 2336 975 2387 0
991 2350 1061 2399 care,
1077 2337 1104 2388 si
1121 2342 1145 2387 te
1160 2335 1292 2399 haberem,

90 2436 260 2504 manserem
272 2437 351 2489 niodo
363 2440 455 2487 totum
467 2431 552 2485 tussit
563 2447 628 2500 ergo
644 2448 706 2485 enm
720 2433 799 2497 solui,
808 2432 917 2486 dicens:
934 2434 1014 2487 blodo
1029 2436 1084 2499 fac,
1093 2437 1119 2487 si
1129 2434 1197 2502 qnid
1210 2441 1292 2500 potes.

91 2527 124 2584 llle
136 2548 192 2588 sero
204 2550 261 2590 non
273 2533 364 2604 potuit
376 2548 406 2585 se
426 2547 551 2593 morere;
565 2536 591 2585 et
604 2531 701 2584 iterum
715 2531 784 2585 dixit
797 2551 802 2584 :
817 2532 875 2585 Osi
885 2534 1010 2586 liuderus
1019 2550 1114 2587 nusum
1127 2540 1204 2585 iorum
1221 2534 1293 2586 inter

92 2628 173 2687 tare!
183 2632 258 2687 Tunc
270 2636 385 2686 sanctus
395 2646 426 2684 se
439 2629 573 2684 inclinans
584 2630 619 2682 ad
637 2646 668 2683 os
683 2629 796 2690 obsessi.
808 2630 955 2699 applicarit
967 2647 1064 2685 nasum
1082 2646 1172 2684 snum.
1189 2630 1290 2684 Verum

62 2724 274 2786 atauonnino
291 2731 381 2800 ipsum
394 2729 493 2783 laedere
505 2744 561 2782 non
572 2728 661 2797 potuit
671 2748 676 2791 ;
688 2729 736 2782 sed
753 2729 832 2782 labiis
849 2734 957 2783 tantum
975 2729 1029 2784 leni
1047 2734 1120 2784 tactu
1130 2730 1290 2798 contingens

91 2838 164 2883 usum
173 2830 266 2895 macti,
276 2829 408 2899 lingebat.
416 2828 467 2882 Hic
479 2829 545 2882 dum
559 2827 618 2881 vice
630 2829 748 2897 quadam
760 2828 858 2882 iratres
870 2845 967 2883 omnes
978 2827 1152 2898 vituperaret,
1163 2845 1291 2899 superse·

92 2922 152 2981 unu
163 2930 290 2998 magistro
303 2944 459 2998 assurgens,
476 2926 598 2981 laudaut
611 2943 674 2980 enm
687 2929 721 2981 de
732 2927 862 2996 singulari
880 2927 1018 2997 religionis
1034 2929 1142 2982 terrore
1159 2928 1289 2998 omnique

91 3024 233 3088 nuatione.
245 3032 277 3083 ut
294 3044 358 3082 eum
370 3026 501 3095 deJ'iceret
516 3026 631 3094 gloriam
644 3042 692 3095 per
703 3026 821 3081 inanem.
833 3028 917 3095 Cujus
934 3032 1046 3081 sanctus
1061 3028 1110 3081 Dei
1122 3044 1290 3097 cognosceus

90 3125 183 3187 utana
194 3126 383 3182 adulationem
397 3124 528 3195 desperit.
539 3125 651 3179 Frustra
664 3126 737 3179 enim
745 3127 844 3193 jacitur·
855 3132 911 3179 rete
920 3131 984 3179 ante
993 3126 1087 3180 oculos
1099 3133 1289 3196 pennatorum.

57 3215 165 3279 &Verum
180 3227 242 3296 quia
253 3225 365 3296 placens
384 3225 442 3279 lieo
455 3224 552 3286 extitit.
564 3240 676 3279 necesse
688 3224 780 3278 initui
793 3225 907 3279 tentatio
924 3225 1053 3294 probaret
1070 3224 1156 3290 illum,
1170 3231 1209 3289 ut,
1225 3243 1286 3280 cum

86 3321 215 3385 arumna
226 3324 372 3379 Abraham
384 3323 413 3378 iu
425 3323 577 3378 tentatione
588 3322 677 3377 fidelis
690 3324 825 3381 inuentus,
833 3328 911 3393 pater
922 3324 1045 3378 excelsus
1054 3324 1203 3379 multarum
1212 3326 1289 3378 lieret

83 3418 221 3477 murram
231 3423 285 3491 Qui
298 3423 373 3477 euim
385 3428 513 3492 expertus
525 3438 581 3476 uon
593 3426 642 3486 est,
653 3438 741 3492 pauca
752 3422 933 3492 recognoscit:
946 3424 987 3477 vir
996 3427 1088 3477 autem
1099 3424 1149 3478 iste
1160 3424 1186 3477 in
1195 3425 1288 3479 multis

80 3526 189 3586 rannus
198 3523 301 3577 multos
312 3524 348 3577 de
360 3523 542 3576 tentationum
555 3521 660 3590 laqueis
671 3520 806 3576 liberarit.

202 3723 254 3783 De
283 3722 586 3783 consolationibus
610 3722 831 3780 tentatorum
855 3723 893 3780 et
917 3722 1143 3783 afflictorum.

20 3917 52 3971 ἴ)
102 3906 157 3971 ²⁰.
175 3914 290 3981 Quidam
305 3912 430 3975 clericus,
438 3911 569 3966 Bononiae
578 3911 769 3975 studens,curn
777 3917 884 3965 tantum
896 3913 1055 3980 profecisset
1062 3915 1137 3983 qnod
1144 3915 1173 3968 in
1181 3915 1286 3984 legibus

61 4012 166 4077 poterat
177 4012 365 4064 commentare
376 4006 398 4071 ἡ
410 4006 540 4059 iratribus
547 4005 601 4059 sibi
610 4005 768 4074 religionem
778 4006 1004 4075 persuadentibus
1014 4024 1047 4061 ex
1056 4008 1200 4063 honestate
1210 4026 1286 4064 mera
1368 4017 1381 4046 *
1393 4020 1448 4070 cod,

57 4106 155 4163 nolens
167 4105 363 4171 contmdicere,
375 4104 501 4159 habitum
512 4104 622 4159 Ordinis
633 4104 796 4174 assumpsit;
809 4121 929 4174 rnoxque
946 4107 1104 4176 poenitentia
1122 4109 1219 4162 ductus
1236 4116 1285 4164 est.
1322 4088 1496 4138 “⁰¹¹⁸'emas‘·

54 4206 143 4263 Nimis
154 4208 229 4261 enim
241 4207 333 4261 inerat
344 4205 372 4259 in
389 4208 462 4259 statu
479 4203 564 4258 seculi
581 4203 720 4258 delicatus.
737 4205 911 4260 Secularibus
928 4207 1036 4274 pompis
1053 4213 1081 4261 et
1099 4208 1285 4277 voluptatibus

52 4306 172 4363 omnino
192 4304 310 4369 deditus,
321 4320 384 4357 raro
404 4304 498 4365 iratus,
517 4318 669 4372 numquam
688 4304 849 4366 infirmatus,
862 4321 1014 4373 numquam
1031 4307 1120 4359 iuerat
1136 4306 1286 4363 confessus.

10 4416 35 4467 ts
50 4408 130 4463 Raro
147 4404 330 4473 jejunaverat,
348 4402 557 4470 orationemque
575 4406 681 4456 tanturn
703 4403 875 4457 Dominicam
893 4403 1004 4459 sciebat.
1022 4405 1100 4459 Unde
1116 4407 1210 4459 omnia
1225 4423 1286 4475 qua

48 4503 194 4575 religionis
210 4508 239 4557 et
257 4502 355 4572 rigoris
374 4506 452 4556 eraut
469 4506 610 4571 tamquam
631 4503 773 4556 mortifera
790 4503 933 4557 sentiebat.
952 4503 1031 4557 Hunc
1051 4504 1134 4560 nimis
1146 4506 1285 4560 turbatum

47 4610 132 4677 puter
142 4601 206 4672 pins
217 4600 342 4665 audiens,
350 4600 440 4669 primo
452 4599 544 4654 verbis
555 4599 680 4655 dulcibus
692 4601 837 4655 consolans
849 4602 997 4671 alloquitur
1009 4602 1036 4656 in
1045 4603 1141 4673 spiritu
1152 4603 1285 4661 lenitatis:

46 4702 152 4759 deinde
163 4700 200 4755 ad
216 4699 305 4754 altare
323 4698 470 4753 deductum
482 4699 561 4753 iteris
572 4699 687 4769 genibus
700 4716 779 4754 orare
792 4701 878 4768 jubet,
893 4701 1090 4771 imponensque
1108 4719 1190 4772 super
1205 4709 1287 4772 caput

148 4816 246 4856 airu.
262 4814 346 4854 anax.
362 4814 425 4853 τοι.
441 4814 469 4853 n.
1158 4805 1189 4858 10
