3270 5400
188 308 262 383 518
527 328 653 381 mass.
680 328 784 380 cona.
810 326 1088 380 aaaroaassmc.

188 519 276 575 minio
291 519 420 588 descripti
439 523 512 583 sunt,
531 518 629 572 litterae
649 519 768 587 majores
787 517 875 572 minio
894 517 1009 572 viridire
1027 517 1122 573 colore
1141 517 1268 587 depictas,
1279 533 1362 588 parce
1379 518 1425 573 ssd

189 624 306 674 venuste
328 623 468 672 exornatae
478 623 551 672 sunt.
563 617 599 671 At
619 623 719 672 ornatu
730 633 781 671 suo
801 617 964 686 insigniores
980 622 1044 671 sunt
1052 617 1152 671 litteras
1170 617 1276 686 quibas
1295 621 1325 671 et
1339 617 1425 687 prirns

189 717 304 786 epistola
316 722 345 771 et
356 717 416 786 ipsa
425 718 499 772 besti
510 717 652 771 bialachiae
663 716 720 770 vita
731 716 835 784 incipit
845 715 923 769 Hanc
932 731 998 769 vero
1015 731 1073 769 non
1083 720 1199 784 propter
1209 715 1423 785 phanstasticsm

189 816 316 870 animalis
332 816 461 885 speciem,
474 833 529 884 qna
541 821 619 885 parte
630 820 746 879 constat,
757 815 806 870 sed
820 819 933 884 propter
943 814 1081 884 pontificis
1099 815 1222 869 sormam
1242 831 1308 883 qnae
1318 816 1424 870 exhibe

188 919 241 980 tur,
250 915 469 969 animadvertere
480 916 555 969 haud
567 915 664 969 inutile
675 917 736 970 erit

221 1013 278 1067 rot
288 1014 311 1067 1¹
323 1014 351 1067 in
363 1015 454 1083 capite
466 1014 525 1068 cod
536 1014 637 1083 scripta
647 1018 712 1067 sunt
720 1029 798 1082 seqq.
808 1032 816 1066 z
827 1013 913 1066 Liber
925 1013 1142 1068 mimisSaecti
1153 1015 1278 1067 Martini
1285 1016 1423 1068 decivitate

193 1113 316 1167 Tarraco
332 1114 363 1166 in
383 1130 436 1181 quo
452 1115 624 1168 sentirentur
639 1113 849 1166 reverentissimi
867 1113 971 1178 famuli
986 1113 1041 1165 Dei
1057 1112 1202 1165 Bernardi
1219 1111 1423 1168 Ciareaalleesis

188 1212 295 1265 abbatie
306 1213 422 1279 epistola
432 1213 464 1264 de
475 1213 591 1264 dirersis
607 1213 644 1264 ad
659 1212 778 1264 diversos
786 1211 905 1276 diverse,
913 1219 1140 1264 numerocmtum
1153 1213 1358 1279 quinquaqinta
1365 1220 1422 1266 tres.

192 1310 370 1365 Continmtar
381 1313 461 1364 etiam
472 1313 503 1363 in
514 1313 563 1364 boe
574 1312 709 1364 volumine
719 1311 838 1375 ejusdem
854 1309 1015 1362 reserabitis
1028 1312 1120 1376 patris
1137 1310 1285 1363 Bermardi
1295 1313 1334 1363 ad
1342 1311 1422 1377 nipe

188 1412 267 1462 nium
275 1427 379 1478 papam
391 1411 457 1462 iibri
468 1413 595 1479 quinque.
608 1410 732 1474 Qmum
744 1417 863 1477 quatuor
879 1409 913 1461 de
923 1410 1138 1462 mneideratione
1154 1412 1202 1462 eui
1219 1417 1243 1462 et
1261 1412 1345 1463 toties
1354 1426 1421 1462 cree-

189 1515 258 1563 turae
285 1511 378 1562 multis
400 1511 532 1562 admixtis
551 1510 585 1561 de
607 1510 709 1561 actione
737 1508 895 1575 disputarem
911 1510 1024 1576 quintus
1045 1511 1094 1575 piei
1110 1516 1135 1561 et
1151 1511 1270 1561 ultimus
1293 1511 1326 1562 de
1349 1510 1421 1561 mei·

190 1609 274 1662 icitia
285 1610 516 1677 matempiationis
539 1611 636 1661 divine
651 1609 769 1674 feliciter
785 1609 904 1661 disserit.
925 1608 1084 1661 Cmttiuetur
1103 1624 1209 1676 quoque
1226 1611 1257 1661 in
1277 1609 1327 1662 boc
1342 1609 1422 1662 cadim

189 1710 246 1762 rita
267 1710 356 1762 sancti
378 1709 520 1761 Malacbise
530 1708 709 1761 Hibernmsis
728 1709 840 1760 eeclesia
864 1708 1064 1774 enetropolitam
1083 1708 1167 1774 plena
1186 1709 1279 1774 sienis
1300 1715 1324 1760 et
1344 1710 1421 1760 riete-

189 1807 270 1873 obus,
280 1809 384 1874 scripta
393 1824 410 1859 a
422 1807 580 1874 supradicto
591 1809 688 1860 domno
700 1813 724 1858 et
733 1806 885 1859 emerando
895 1805 1040 1859 bernardo
1048 1808 1142 1872 primo
1152 1805 1247 1858 abbate
1259 1814 1357 1860 sande
1366 1808 1422 1860 Gia-

189 1907 349 1960 reeailensis
361 1907 479 1971 ecclesis,
491 1908 639 1959 multorum
650 1906 878 1959 monasteriorum
891 1906 1025 1973 precioso
1034 1906 1185 1971 reamare
1195 1913 1277 1973 atque
1288 1908 1421 1974 sapientis

190 2009 259 2061 simo
270 2006 434 2060 ordinatore.

222 2104 255 2158 In
275 2103 347 2158 toliis
367 2103 513 2171 adjectitiis
532 2102 666 2172 descripta
687 2105 751 2156 sant
770 2119 865 2172 seqq.:
883 2096 911 2173 α)
929 2103 1114 2172 fragmentum
1131 2101 1257 2169 epistolae
1269 2102 1381 2158 Lucisni
1391 2103 1421 2156 de

189 2199 348 2254 inventione
357 2199 480 2268 corporis
490 2198 517 2253 S.
528 2199 667 2268 Stephani,
678 2191 703 2267 β)
713 2201 879 2268 dereliquite
885 2201 1037 2270 peraltoma
1044 2208 1116 2264 sust,
1124 2191 1152 2269 γ)
1161 2202 1292 2253 namatio
1299 2201 1421 2254 deteres-

191 2299 263 2351 tione
270 2300 393 2366 praetiosi
405 2300 475 2364 lipsii
486 2300 576 2351 semeis
587 2296 697 2362 Christi,
710 2287 733 2366 δ)
750 2296 783 2349 de
789 2297 950 2364 poeniteestia
962 2296 1122 2359 Salomonis,
1140 2291 1160 2365 ε)
1173 2301 1207 2351 de
1218 2297 1339 2365 quadam
1345 2298 1421 2365 pesti·

191 2396 274 2448 lentie
283 2393 310 2448 in
318 2394 429 2449 civitate
436 2394 592 2459 Viennensi,
606 2388 629 2464 ς)
643 2397 675 2449 de
691 2398 822 2464 episeopis
831 2397 964 2449 Romanis
981 2397 1171 2464 presbytorum
1183 2399 1224 2450 eei
1242 2400 1421 2466 epiweporum

189 2493 264 2558 filiis,
275 2484 299 2561 ζ)
317 2494 349 2545 de
360 2493 454 2546 diebsm
464 2493 629 2560 spypeiocia.

289 2648 376 2721 Vita
393 2648 430 2721 S.
444 2646 635 2722 Malachiae
649 2645 912 2738 archiepiscopi
925 2645 1112 2720 Hiberniae
1126 2645 1201 2742 (fol.
1220 2647 1423 2741 lav-172¹).

224 2777 292 2833 Vide
303 2794 393 2847 snpra,
406 2795 432 2846 p.
443 2779 501 2842 not,
513 2779 564 2832 100.
577 2806 609 2816 -
621 2777 651 2830 In
664 2777 724 2831 cod.
734 2776 791 2843 (iol.
804 2777 1111 2844 1tav·177r)sequuntur
1129 2792 1275 2831 semones
1293 2777 1349 2832 dno
1360 2792 1425 2845 quos

127 2925 130 2929 ,
191 2875 340 2931 inlaudern
354 2876 518 2931 sanctissimi
536 2876 659 2945 episcopi
677 2876 734 2945 ipse
746 2880 857 2929 sanctus
876 2875 964 2930 abhas
981 2875 1079 2931 habuit
1095 2892 1129 2930 ac
1145 2876 1264 2945 epistola
1279 2876 1316 2930 ed
1335 2876 1424 2930 Hiber·

190 2990 289 3029 nenses
298 2974 332 3027 de
344 2973 466 3040 ejusdem
475 2973 501 3028 S.
510 2973 651 3027 Malachiae
662 2973 747 3028 obitu.

192 3343 435 3433 GGXXXJH.
455 3345 582 3433 codex
599 3345 706 3456 apud
724 3344 770 3432 D.
789 3343 992 3455 Phillipps
1007 3346 1194 3455 signatus
1212 3363 1258 3429 n⁰
1280 3342 1420 3433 12459.

223 3561 364 3617 Foliorum
384 3564 425 3628 65,
440 3563 537 3616 formae
563 3561 992 3629 mediae(0r‚315><0,at),1ineis
1012 3561 1108 3631 plenis,
1128 3563 1201 3632 stylo
1222 3563 1313 3618 terreo
1332 3562 1421 3623 ductis,

189 3661 403 3725 maxima-cura,
415 3677 471 3714 una
482 3677 568 3715 manu
586 3677 639 3715 sec.
654 3660 692 3714 XI
709 3666 846 3715 exaratus.
856 3660 940 3715 Tituli
957 3661 1087 3716 rubricati
1098 3665 1171 3726 suni,
1188 3662 1313 3732 itemque
1330 3661 1420 3715 littere

191 3762 318 3830 majores,
329 3776 390 3829 quae
402 3764 516 3813 venuste
526 3775 542 3811 a
555 3759 642 3828 perito
652 3759 755 3813 artifice
767 3765 906 3813 exornatae
918 3764 990 3814 sunt.
999 3759 1049 3813 Hie
1057 3764 1152 3813 tamen
1161 3776 1231 3829 opus
1239 3760 1294 3814 sibi
1302 3758 1418 3814 commn-

189 3875 253 3914 sum
265 3875 320 3913 non
338 3857 458 3928 perfecit,
470 3874 536 3912 nam
553 3874 570 3910 a
587 3858 680 3912 medio
699 3857 793 3913 codice
803 3858 830 3912 in
843 3858 1025 3928 capitulorum
1042 3858 1121 3913 initio
1138 3858 1289 3927 spatiolum
1308 3871 1415 3912 menum

189 3960 330 4013 remansit.
1053 4019 1055 4023 7

222 4056 280 4112 nol.
293 4058 318 4111 1¹
327 4072 428 4111 manus
437 4056 552 4124 hujusce
564 4055 647 4110 seculi
657 4055 727 4122 xlx,
736 4056 868 4125 graphide
879 4056 987 4126 scripsit
998 4075 1004 4110 :
1016 4058 1062 4111 lde
1073 4058 1133 4111 bibl.
1145 4058 1269 4111 Staoetm.

293 4227 327 4296 1⁰
354 4223 453 4316 [Vita
469 4224 506 4297 S.
525 4222 705 4315 Remacli]
723 4221 797 4318 (fol.
819 4221 954 4318 vbis).

222 4355 285 4410 vita
294 4359 406 4408 auctore
422 4353 540 4422 Notpero
557 4352 702 4407 Leodiensi
715 4352 788 4406 edita
800 4351 871 4419 stylo
880 4355 987 4406 mnata
996 4351 1070 4420 apud
1081 4349 1190 4406 Surium
1200 4350 1235 4403 ad
1246 4349 1271 4403 d.
1279 4349 1295 4403 3
1303 4342 1399 4416 Septin

190 4454 250 4508 cod.
260 4454 296 4508 ob
308 4453 374 4508 tolia
392 4452 488 4508 avulsa
499 4453 576 4506 deest
588 4451 702 4521 epistola
714 4451 881 4506 dedicatoria
892 4466 956 4505 cum
967 4451 1067 4519 maiori
1075 4454 1153 4520 parte
1161 4448 1273 4519 prologi

189 4630 262 4685 foliis
273 4631 417 4767 adjfeiiiffis
430 4631 458 4685 in
476 4630 564 4700 capite
582 4630 684 4685 codicis
701 4630 768 4685 tolia
779 4631 843 4696 duo,
854 4635 883 4685 et
903 4629 939 4684 ad
955 4629 1060 4685 calcem
1077 4629 1140 4684 inde
1158 4647 1175 4685 s
1191 4631 1240 4685 iol.
1255 4558 1465 4821 ΜΝ

187 4712 300 4782 quentia
322 4714 385 4768 o'a.
