3270 5400
319 317 394 390 044
657 337 784 389 carri..
811 338 916 390 cono.
942 338 1219 390 nauroonarmc.

318 528 388 583 feria
401 528 482 582 tertia
494 527 690 596 Rogationum,
702 533 732 582 ut
742 532 807 581 tunc
818 527 904 581 moris
917 532 983 591 erat,
996 527 1024 580 in
1036 527 1212 596 processione
1220 526 1327 581 delatus
1339 532 1381 581 est
1389 527 1556 583 densllissa

318 632 436 696 peracta,
454 626 482 680 in
501 627 642 680 redeundo
661 626 784 680 maxima
801 644 879 696 aquae
897 626 1040 680 inundatio
1053 626 1126 679 facta
1143 631 1191 680 est
1208 626 1271 689 Sed,
1282 631 1312 680 ut
1329 626 1467 681 Dominus
1477 627 1556 681 lesus

319 727 521 780 demonstraret
538 726 606 795 quid
623 726 715 794 magni
733 727 893 789 deferretur,
906 726 1011 779 cunctis
1028 742 1100 794 aqua
1119 726 1302 789 madentibus,
1314 742 1365 779 nec
1382 730 1461 794 gutta
1477 742 1556 795 aquae

317 824 452 879 ferentem
474 825 571 894 attigit
592 824 652 891 Quo
674 825 741 887 riso,
762 841 859 878 omnes
882 825 916 878 in·
931 825 1041 878 laudem
1062 824 1112 878 Dei
1132 828 1240 878 tautum
1261 841 1292 878 ac
1314 825 1369 879 tale
1390 824 1556 879 miraculum

319 925 424 978 extulit.
1569 932 1585 981 0

360 1024 417 1079 11.
438 1022 545 1076 accidit
563 1023 646 1077 etiam
666 1027 697 1076 ut
714 1023 782 1077 feria
804 1023 869 1076 ΙΙΙΙΔ
888 1023 1074 1091 Rogatianum
1087 1022 1154 1076 dens
1167 1023 1325 1086 deferretur,
1338 1027 1369 1076 ut
1379 1023 1511 1087 diximus,
1527 1024 1557 1078 in

318 1122 502 1191 processione.
515 1121 576 1189 Quo
590 1122 633 1175 die
645 1122 718 1191 apud
730 1127 840 1175 sanctos
851 1125 985 1189 martyres
998 1120 1154 1188 Crispinum
1166 1126 1194 1174 et
1206 1121 1408 1190 crispinianum
1422 1122 1460 1189 (l)
1472 1124 1557 1177 statio

299 1242 301 1247 ¹
316 1221 348 1275 tlt
360 1226 387 1275 et
396 1228 470 1283 tunc,
484 1227 513 1275 ut
522 1221 608 1274 moris
620 1227 687 1283 erat,
699 1238 748 1289 per
759 1226 871 1290 pontem
885 1225 912 1274 et
925 1237 973 1289 per
989 1220 1086 1280 urbem
1099 1219 1151 1274 iter
1169 1220 1249 1274 nobis
1267 1225 1327 1274 erat
1338 1220 1410 1274 illuc.
1423 1223 1454 1275 lu
1467 1222 1558 1277 reditu

317 1336 383 1374 reru
406 1321 442 1373 ob
464 1320 657 1389 compendium
682 1320 733 1373 rire
759 1320 837 1373 naris
864 1319 1019 1388 parabatur.
1043 1320 1134 1388 igitur,
1155 1319 1285 1375 omnibus
1308 1318 1433 1389 expletis,
1457 1321 1558 1377 fratres

317 1420 440 1480 redeunt,
453 1418 545 1472 navim
560 1419 719 1472 ascendunt
732 1418 803 1472 Dum
813 1419 885 1472 enim
896 1419 923 1471 in
934 1419 1027 1472 medio
1037 1419 1159 1473 fluminis
1168 1418 1250 1472 raiidi
1261 1419 1450 1482 consisterent,
1460 1421 1556 1489 etjam
1576 1426 1606 1477 td

317 1518 384 1587 ripae
402 1518 525 1571 ulteriori
537 1520 790 1586 appropinquarent
802 1518 891 1579 (naris
904 1518 976 1571 enim
990 1535 1044 1571 non
1057 1518 1171 1587 remigio
1189 1518 1404 1587 gubernabatur,
1422 1519 1473 1573 sed
1490 1520 1559 1574 fune

317 1617 496 1681 trahebatur),
509 1617 582 1670 funis
601 1617 744 1685 rumpitur,
757 1617 835 1671 naris
855 1634 925 1686 pene
936 1634 1061 1671 mersura
1078 1617 1106 1671 in
1123 1634 1190 1686 gyro
1203 1622 1327 1681 rotatur;
1351 1617 1451 1671 fratres
1472 1619 1559 1673 acela·

316 1722 414 1778 mant,
432 1715 463 1769 frt
480 1732 529 1785 pro
548 1722 630 1770 cantu
648 1716 813 1770 letaniarum
835 1733 889 1769 τοι
909 1717 1025 1769 confusa
1045 1716 1222 1770 clamantium
1243 1721 1271 1769 et
1290 1717 1389 1770 mortis
1405 1717 1559 1773 discrimen

318 1814 483 1868 timentium.
495 1815 549 1868 Sed
561 1816 654 1868 statim
667 1815 761 1869 <lirina
779 1815 864 1884 pietus
882 1815 1032 1883 desperatis
1044 1816 1129 1869 adest.
1142 1816 1276 1869 Sacerdos
1293 1817 1397 1869 etenim
1417 1816 1560 1885 phylacte

318 1912 397 1971 rium,
407 1930 462 1981 quo
476 1914 543 1967 dens
555 1914 614 1967 Filii
626 1914 673 1966 Dei
684 1913 848 1977 continetur,
860 1932 877 1966 a
889 1914 960 1967 collo
972 1915 1144 1968 subtractum
1157 1919 1253 1968 tenens
1263 1920 1389 1968 catenam
1399 1932 1515 1970 auream
1528 1915 1559 1970 in
1576 1919 1608 1969 tt

316 2011 420 2065 flumen
431 2013 551 2082 deponit,
562 2013 711 2081 statimque
728 2013 807 2066 naris
819 2031 836 2066 a
847 2030 913 2081 gyro
926 2013 1037 2081 quierit,
1055 2019 1082 2066 et
1100 2013 1189 2066 dentis
1209 2013 1324 2082 remigio
1341 2013 1420 2068 salra
1437 2014 1474 2068 ad
1492 2015 1560 2071 litus

315 2110 448 2179 pervenit,
469 2127 525 2164 non
544 2111 634 2180 ligneo
652 2112 745 2178 adjuta
763 2111 865 2179 remige
878 2128 928 2165 nec
941 2112 1006 2164 fune
1021 2116 1109 2165 tracta
1124 2112 1160 2166 ab
1172 2112 1295 2166 homine.
1307 2112 1351 2166 Sic
1363 2113 1519 2182 desperatis
1530 2120 1560 2169 et

317 2208 430 2277 trepidis
443 2225 504 2278 spes
517 2209 580 2262 vitre
592 2209 699 2263 reddita
710 2213 759 2263 est.
771 2210 814 2263 Sic
825 2211 898 2263 Deus
907 2215 991 2263 terret
1000 2215 1027 2263 et
1036 2210 1150 2264 refovet.
1162 2211 1206 2264 Sic
1218 2210 1277 2263 sani
1286 2216 1314 2264 et
1322 2210 1480 2265 incolumes
1491 2214 1558 2268 nari

316 2309 426 2376 egressi,
436 2308 581 2362 laudantes
594 2309 681 2361 Deum
692 2308 718 2361 in
729 2308 857 2377 operibus
866 2309 923 2362 suis
932 2310 1043 2377 propria
1055 2314 1198 2379 repetunt;
1211 2326 1274 2363 rere
1294 2311 1407 2364 dentem
1425 2311 1487 2365 Filii
1505 2313 1558 2368 Dei

317 2404 490 2469 confitentur,
503 2408 580 2475 cujus
592 2407 694 2461 auxilio
707 2425 723 2460 a
735 2407 832 2461 mortis
844 2408 966 2476 periculo
981 2425 1010 2461 se
1023 2414 1132 2478 ereptos
1142 2409 1306 2477 gaudebant.
1574 2414 1606 2465 2⁰

360 2504 416 2561 12.
438 2505 593 2573 Aliquando
606 2504 688 2558 etiam
702 2505 953 2558 sanctimonialium
965 2506 1092 2575 quiedam
1105 2505 1201 2559 salutis
1213 2505 1365 2559 remedium
1379 2522 1430 2573 per
1441 2507 1558 2562 dentem

315 2599 375 2653 Filii
388 2600 437 2653 Dei
456 2600 555 2667 adepta
574 2603 622 2652 est.
641 2599 709 2652 Cum
728 2598 802 2651 enim
822 2603 916 2667 aperto
936 2615 984 2652 ore
1002 2599 1091 2652 lriaret
1108 2605 1135 2653 et
1156 2616 1253 2652 auram
1271 2599 1376 2654 hiando
1393 2602 1558 2665 attraheret,

315 2698 408 2753 fauces
423 2715 439 2752 a
456 2697 582 2751 faucibus
596 2701 697 2751 exeunt
708 2702 736 2751 et
748 2714 779 2751 os
791 2703 917 2767 apertum
930 2692 1008 2766 quasi
1021 2703 1117 2767 patens
1129 2699 1272 2753 baratrum
1284 2699 1461 2767 relinquitur.
1473 2702 1559 2756 Cum·

314 2813 369 2868 que
388 2813 460 2851 vano
480 2802 580 2850 conatu
601 2801 629 2850 et
648 2797 749 2850 frustra
767 2797 916 2861 laboratur,
933 2802 965 2850 ut
985 2798 1078 2850 fauces
1098 2798 1133 2852 ad
1157 2798 1249 2851 fauces
1268 2799 1391 2863 redeant,
1408 2800 1559 2871 multaque

314 2894 482 2950 carminibus
504 2899 687 2964 apponuntur,
700 2912 750 2949 nec
771 2895 799 2948 in
817 2895 909 2965 aliquo
926 2895 1000 2948 salus
1021 2896 1155 2966 provenit,
1173 2897 1283 2951 tandem
1305 2914 1438 2967 superrun
1459 2900 1560 2955 auxilii
1575 2910 1606 2961 25

311 2995 443 3062 juvamen
465 2994 634 3062 imploratur,
647 2999 677 3047 ut
696 2994 744 3047 ubi
762 2995 804 3047 ris
822 2994 945 3051 humana
963 2995 1063 3059 deficit,
1081 2996 1168 3050 virtus
1185 2996 1278 3050 divina
1295 2996 1431 3066 proficiat.
1444 2997 1559 3056 Mittunt

314 3093 396 3163 igitur
408 3094 442 3147 ad
456 3092 601 3146 ecclesiam
611 3093 684 3147 beati
694 3093 823 3156 Medardi,
834 3098 861 3147 et
870 3099 901 3147 ut
913 3093 965 3146 sibi
977 3094 1124 3147 auxilietur
1135 3094 1299 3149 Sanctorum
1315 3096 1487 3164 patrociniis,
1496 3099 1558 3168 qui·

313 3190 366 3246 bus
378 3191 436 3261 ipsa
449 3191 562 3245 ecclesia
572 3208 627 3260 prae
637 3191 733 3245 ceteris
743 3189 834 3261 pollet.
848 3191 977 3245 obnixius
989 3192 1147 3261 efflagitant
1164 3194 1272 3246 Fratres
1284 3209 1351 3247 reru
1363 3195 1489 3263 praedicti
1501 3196 1557 3251 loci

313 3290 465 3345 infirmitati
479 3290 575 3344 alienae
585 3290 791 3360 compatientes,
802 3291 914 3344 dentem
924 3307 987 3345 cum
999 3291 1106 3346 honore
1124 3293 1159 3346 ad
1177 3292 1332 3346 coenobiuni
1344 3299 1450 3349 sanctae
1462 3296 1558 3352 llariae

314 3389 448 3447 deferunt.
469 3387 674 3458 honorificeque
687 3388 841 3458 suscipitur,
861 3389 978 3458 indeque
999 3390 1033 3443 ad
1054 3390 1145 3443 locum
1157 3391 1205 3443 ubi
1217 3391 1328 3444 infimra
1348 3398 1417 3457 erat,
1436 3397 1603 3455 renitente

313 3488 439 3556 Cumque
451 3488 535 3541 limen
546 3488 644 3542 domus
654 3488 764 3552 intrant,
775 3488 868 3541 statim
877 3487 1102 3542 inflrmacaeleste
1110 3489 1263 3543 remedium
1272 3491 1371 3545 adesse
1379 3498 1498 3563 experta
1506 3499 1558 3549 eet.

313 3585 382 3640 Nam
393 3587 484 3640 subito
497 3603 598 3656 magno
608 3587 715 3656 fragore
727 3587 820 3640 fauces
832 3587 866 3640 ad
876 3588 969 3640 fauces
982 3588 1104 3653 redeunt,
1111 3588 1206 3642 dentes
1213 3588 1342 3643 dentibus
1349 3592 1558 3664 consociaptur,

313 3690 341 3740 et
351 3702 382 3740 os
391 3686 532 3755 aperiendi
550 3686 665 3740 facultas
677 3692 705 3740 et
716 3686 861 3740 claudendi
873 3686 962 3741 datur.
971 3687 1087 3756 Stupent
1100 3703 1196 3742 omnes
1209 3692 1236 3741 et
1247 3687 1384 3742 mirantur
1393 3689 1424 3745 in
1433 3690 1482 3745 liis
1494 3708 1558 3763 qua¹

313 3783 446 3847 viderant,
465 3791 521 3839 tam
543 3785 625 3839 citam
643 3790 671 3839 et
688 3785 858 3855 inopinatam
879 3786 1045 3840 medicinam
1066 3787 1163 3841 adesse
1183 3802 1232 3856 per
1249 3787 1362 3842 dentem
1373 3788 1438 3843 Filii
1448 3791 1518 3857 Dei;
1529 3796 1559 3847 et

312 3884 412 3939 deinde
424 3887 459 3939 ad
473 3885 563 3939 locum
576 3901 657 3939 suum
670 3885 768 3938 fratres
781 3901 844 3938 cum
857 3885 939 3938 dente
952 3885 1074 3939 redeunt.
1573 3898 1603 3949 a

357 3984 414 4042 13.
435 3984 496 4037 Alio
509 3999 619 4052 quoque
639 3986 763 4050 tempore
781 3982 894 4050 quidam
907 3980 1100 4046 daemoniacus,
1113 3986 1195 4035 notus
1204 3982 1343 4047 omnibus,
1352 3986 1483 4045 multari
1494 4008 1558 4047 suo·

314 4099 375 4137 rum
386 4083 521 4136 adductus
531 4084 573 4134 est
585 4084 612 4133 et
621 4084 684 4133 ante
700 4096 816 4148 corpora
828 4080 992 4133 Sanctorum
1008 4079 1157 4147 expositus.
1169 4078 1222 4146 Qui
1234 4094 1289 4147 quo
1302 4080 1403 4149 spiritu
1412 4086 1558 4155 agebatur,

314 4181 406 4249 palam
417 4186 482 4235 crat.
496 4180 565 4234 Nam
579 4179 707 4233 dentibus
719 4180 855 4243 frendens,
868 4180 1003 4233 clamores
1020 4180 1150 4234 confusos
1162 4183 1189 4233 et
1199 4178 1334 4234 stridores
1351 4183 1515 4253 emittebat,
1530 4191 1559 4242 et

314 4296 505 4350 quoscumque
523 4283 629 4349 poterat
641 4278 768 4332 dentibus
778 4279 932 4349 discerpere
944 4284 1056 4349 paratus
1074 4285 1141 4334 erat
1153 4279 1283 4333 Parentes
1294 4295 1362 4334 vero
1374 4286 1407 4336 et
1417 4285 1481 4341 noti
1496 4286 1559 4355 ejus

313 4380 530 4434 misericordiam
551 4378 600 4432 Dei
622 4382 649 4431 et
668 4383 827 4432 sanctorum
846 4379 905 4446 ejus
923 4378 1025 4433 obnixe
1043 4378 1204 4442 exorabant,
1224 4381 1251 4432 et
1269 4380 1300 4432 ut
1320 4378 1408 4435 deute
1426 4380 1491 4439 Filii
1508 4384 1559 4441 Dei
1574 4390 1603 4447 lt

346 4608 383 4674 (1)
401 4609 440 4661 De
458 4606 579 4662 ecclesiis
597 4607 744 4661 Suessione
763 4612 921 4661 sanctorum
943 4606 1059 4676 Crispini
1080 4610 1107 4660 et
1126 4605 1289 4675 crispiniani
1309 4610 1430 4665 nomine
1448 4612 1557 4669 dicatis

313 4689 374 4743 ride
387 4693 444 4744 Act.
457 4692 514 4757 SS,
526 4695 591 4745 tom.
604 4691 641 4744 xl
653 4691 719 4755 oct,
729 4708 753 4760 p.
765 4691 815 4744 304
826 4707 884 4758 sqq.
