3270 5400
346 382 439 434 aisn.
457 383 539 436 auo.
557 384 730 437 sauxrnu.
751 407 797 416 —
816 385 964 439 neruus.
983 387 1029 437 uu
1047 387 1127 438 con.
1147 377 1183 437 ΝΟ
1200 386 1325 438 reos-ra.
1387 368 1455 439 119

218 570 320 625 Infelix
340 571 481 626 homicida
492 573 659 641 producitur,
671 579 822 637 accusatur,
834 574 986 636 discutitur,
998 574 1178 637 convincitur,
1190 576 1373 643 adjudicatum
1392 575 1456 629 data

217 670 340 739 denique
360 673 507 735 sententia,
530 673 565 726 ad
584 671 678 726 locum
699 673 889 728 decollationis
914 678 1099 743 promovetur.
1120 674 1285 728 Adolescens
1308 675 1455 729 interfectae

217 768 345 821 mulieris
356 768 429 822 filius
441 769 578 834 statuitur,
596 771 677 839 eique
693 771 800 840 gladius
816 777 913 825 acutus
931 771 1023 832 datum
1042 777 1071 824 ut
1088 777 1205 826 matrem
1225 772 1383 838 vindicaret,
1400 790 1456 827 sura

217 868 328 933 injuriae
340 869 522 938 omniumque
535 869 807 938 comprovincialium
819 871 953 924 molestias
970 871 1103 925 ultionem
1117 871 1195 924 daret
1206 873 1241 925 ab
1254 873 1383 927 omnibus
1394 874 1456 926 hor-

184 979 199 1024 t
217 972 303 1020 tatur.
313 967 434 1037 Accepto
447 968 540 1036 itaque
549 969 640 1038 gladio
649 973 677 1022 et
684 970 783 1038 scepius
793 970 907 1032 vibrato,
917 970 1058 1023 brachium
1071 971 1098 1023 in
1107 970 1225 1023 sublime
1235 970 1370 1034 eutendit;
1380 973 1456 1026 omni

216 1067 368 1120 conamine
380 1067 550 1121 homicidam
561 1069 687 1123 occidere
699 1072 820 1123 conatur.
833 1069 887 1122 Sed
899 1085 962 1122 cum
973 1068 1117 1122 brachium
1130 1069 1158 1123 in
1170 1069 1256 1124 altum
1269 1070 1354 1138 erigit,
1367 1070 1457 1124 subito

217 1164 340 1234 diriguit
350 1165 390 1218 ita
400 1171 431 1219 ut
441 1182 530 1236 neque
542 1166 662 1236 gladium
673 1166 849 1229 redimittere‚
860 1183 948 1236 neque
960 1168 1104 1221 brachium
1116 1169 1151 1221 ad
1163 1185 1193 1222 se
1206 1173 1299 1238 posset
1311 1169 1457 1222 retrahere.

218 1265 289 1317 Ecce
309 1264 458 1333 prophetia
472 1265 546 1318 beati
557 1265 630 1319 Petri
642 1266 795 1335 completur
807 1287 813 1319 :
831 1266 938 1335 gladius
949 1266 1036 1319 sancti
1048 1265 1143 1319 Jacobi
1155 1267 1191 1320 ab
1202 1267 1330 1321 omnibus
1342 1267 1458 1331 videtur,

218 1362 286 1414 dum
298 1361 479 1416 miserhomo
492 1363 640 1416 vindictam
653 1365 769 1433 apostoli
780 1364 953 1432 experituret
963 1364 996 1417 de
1008 1364 1162 1417 temeritate
1171 1381 1221 1417 sua
1231 1380 1324 1417 coram
1332 1365 1459 1417 omnibus

177 1471 201 1517 lo
219 1461 409 1514 confunditur.
433 1460 487 1528 Qui
508 1478 572 1530 ergo
593 1467 720 1529 rogantes
743 1462 838 1515 audire
863 1461 982 1525 nolebat,
1008 1477 1088 1530 poena
1116 1478 1167 1515 sua
1195 1461 1352 1531 compulsus
1382 1468 1460 1531 rogat

222 1563 253 1611 ut
268 1560 385 1627 gratiam
412 1560 519 1628 praefati
541 1561 659 1629 apostoli
687 1566 824 1615 mereatur
850 1566 877 1614 et
906 1561 1121 1614 misericordiam
1152 1561 1179 1614 in
1209 1566 1316 1630 recepta
1343 1562 1460 1615 sanitate

223 1664 419 1727 consequatur.
443 1659 495 1713 Per
522 1659 604 1714 trium
630 1660 763 1715 horarum
786 1666 814 1714 et
836 1677 870 1713 eo
893 1660 1012 1728 amplius
1034 1660 1153 1729 spatium
1178 1660 1278 1714 obnixe
1301 1666 1329 1714 et
1352 1661 1461 1715 humili-

224 1761 266 1809 ter
288 1762 354 1810 rota
381 1759 456 1811 votis
480 1758 672 1827 ingeminando
697 1765 830 1827 precatur.
853 1759 959 1819 Postea,
983 1763 1092 1826 recepta
1115 1759 1240 1822 sanitate,
1261 1775 1323 1812 cum
1347 1760 1382 1812 ad
1399 1776 1459 1813 cen·

226 1856 363 1909 turionem
384 1857 507 1909 delatum
525 1861 597 1910 esset
614 1856 781 1910 homicidam
799 1857 964 1910 decollatum
976 1872 1032 1909 non
1050 1873 1117 1919 csse,
1136 1857 1298 1910 furibundus
1315 1873 1461 1911 accurrens

185 1963 214 2008 tt
227 1954 355 2020 juvenem
365 1955 520 2023 increpitat.
532 1957 661 2025 ignavum
674 1962 702 2009 et
711 1955 884 2020 imbecillem,
896 1956 1021 2010 timidum
1032 1961 1060 2009 et
1072 1956 1153 2009 vilem
1167 1956 1259 2009 dicens
1269 1976 1275 2009 z
1285 1957 1384 2010 debere
1397 1973 1459 2011 eum

232 2052 396 2105 omnimodis
413 2052 547 2119 judicium
570 2053 660 2122 populi
681 2053 787 2121 exequi.
808 2051 857 2105 llle
875 2058 1003 2121 expertus
1021 2053 1120 2104 durum
1139 2068 1198 2105 esse
1210 2057 1306 2105 contra
1318 2052 1460 2104 stimulum

235 2149 369 2204 calcitrare
381 2156 409 2204 et
422 2167 479 2205 non
490 2168 550 2206 esse
562 2152 609 2220 qui
622 2151 756 2205 voluntati
772 2151 822 2205 Dei
834 2151 919 2220 possit
931 2154 1064 2211 resistere,
1078 2151 1267 2204 dissimulabat
1284 2167 1314 2204 se
1325 2151 1461 2204 centurio·

238 2263 295 2300 nem
306 2248 407 2313 audire,
426 2249 532 2303 malens
544 2249 602 2319 ipse
614 2250 708 2304 omnia
720 2250 884 2322 detrimenta
896 2249 1000 2318 perpeti
1012 2265 1095 2317 quarn
1113 2250 1247 2303 offensam
1261 2250 1317 2313 Dei,
1336 2255 1363 2303 et
1374 2250 1461 2303 vindi-

244 2351 306 2400 ctam
315 2348 399 2402 sancti
408 2348 504 2402 Jacobi
514 2349 664 2416 pertinacia
672 2365 722 2402 sua
734 2348 847 2403 ulterius
859 2349 1016 2418 promereri.
1029 2348 1081 2401 Sed
1094 2349 1146 2401 hoc
1159 2365 1309 2416 agnoscens
1319 2349 1376 2415 jam
1389 2365 1461 2417 saepe

206 2448 232 2499 tt
245 2444 320 2499 dictus
327 2449 450 2501 centurio
464 2447 576 2517 propius
587 2449 702 2501 accessit
713 2453 740 2501 ct
750 2449 878 2516 iuvenem
896 2447 1018 2501 incitavit
1034 2453 1065 2501 ut
1081 2449 1168 2516 patrio
1188 2464 1264 2501 inore
1277 2446 1461 2515 proclamaret

248 2547 269 2595 et
282 2545 404 2612 populum
418 2546 467 2614 qui
488 2561 520 2599 er
534 2562 633 2615 magna
650 2552 727 2616 parte
745 2548 803 2614 jam
824 2546 974 2599 defluxerat
993 2545 1084 2599 denuo
1106 2551 1277 2599 convocaret.
1298 2546 1378 2613 Quod
1397 2562 1459 2599 cum

251 2639 322 2695 facere
332 2644 486 2703 declinaret,
495 2645 620 2714 utgloria
634 2645 682 2698 Dei
696 2644 866 2698 manifestior
875 2645 952 2697 lueret
961 2650 988 2697 et
999 2645 1085 2697 virtus
1098 2646 1183 2697 sancti
1197 2646 1209 2695 J
1214 2645 1293 2698 acobi
1306 2645 1460 2698 evidentior

255 2749 377 2807 appareret,
387 2749 444 2797 tola
457 2743 581 2812 corporis
594 2743 693 2798 virtute
705 2743 828 2797 centurio
840 2745 991 2797 vociferare
1004 2743 1093 2811 coepit,
1105 2744 1153 2796 sed
1165 2749 1277 2812 repente
1288 2759 1342 2797 vox
1359 2743 1387 2796 in
1399 2748 1459 2812 gut·

257 2840 302 2890 ture
311 2842 361 2908 ejus
372 2844 460 2909 haesit,
472 2861 503 2898 ac
512 2845 536 2897 si
548 2845 584 2898 ab
597 2843 689 2911 aliquo
703 2844 791 2897 valide
804 2859 893 2912 pugno
906 2859 993 2895 casus
1008 2847 1080 2895 esset
1091 2848 1119 2895 et
1131 2842 1229 2896 acriter
1237 2843 1461 2911 strangularetur.

221 2937 248 2986 ts
259 2933 288 2987 lh
296 2938 314 2990 ei
325 2957 370 2995 rox
379 2944 488 3007 defecit,
498 2948 528 2996 ut
536 2943 650 2997 omnino
660 2942 862 2996 obmutesceret
873 2948 901 2995 et
913 2958 982 3010 pene
991 2946 1116 2994 mortuus
1127 2942 1272 3004 videretur,
1280 2943 1368 2995 donec
1378 2942 1461 2997 allata
1546 2955 1551 2967 ·

261 3047 312 3100 tque
321 3040 406 3106 pillio*
418 3059 469 3095 suo
481 3043 688 3096 refocillaretur.
705 3042 792 3109 liujus
804 3042 842 3095 rei
858 3046 900 3094 tot
911 3045 973 3094 sunt
986 3045 1077 3104 testes,
1089 3046 1158 3110 quot
1170 3041 1197 3094 in
1210 3042 1306 3094 eadem
1320 3043 1460 3109 provincia

263 3136 440 3194 mathomines.
451 3141 577 3196 Tandem
589 3140 716 3195 homines
729 3141 755 3194 in
768 3157 914 3194 commune
928 3141 1015 3209 Deum
1025 3156 1074 3207 pro
1089 3141 1234 3193 virtutibus
1243 3140 1329 3194 sancti
1342 3142 1460 3209 apostoli

237 3297 240 3302 ἡ
263 3225 410 3293 laudasemnt
425 3246 452 3293 et
464 3241 595 3294 miserum
609 3240 750 3294 hominem
764 3244 857 3292 sancto
869 3239 974 3292 lacobo
986 3239 1021 3291 ad
1033 3238 1208 3292 serviendum
1222 3239 1279 3292 Deo
1292 3239 1460 3294 obtulerunt.

292 3327 335 3388 37.
355 3336 444 3405 Neque
454 3338 508 3390 hoc
520 3337 656 3391 silendum
668 3336 786 3389 arbitror
797 3337 872 3404 quod
882 3351 969 3403 nuper
980 3336 1054 3404 apud
1066 3352 1116 3388 nos
1128 3340 1234 3403 gestum
1245 3339 1330 3388 est.--
1340 3335 1459 3402 Quidam

227 3426 253 3477 ³⁰
266 3425 326 3492 nile,
335 3435 510 3488 convicaneus
519 3439 621 3498 noster,
632 3433 811 3485 vehementer
823 3448 873 3485 nos
885 3431 1041 3499 impetebat,
1051 3436 1216 3500 pratumque
1230 3431 1350 3484 ecclesiae
1360 3437 1459 3484 nostrie

266 3536 323 3581 tuum
332 3547 382 3586 esse
393 3534 510 3587 dicebat
519 3531 655 3600 Tempore
667 3532 760 3600 itaque
772 3531 917 3584 secationis
926 3531 1010 3583 frater
1022 3530 1075 3583 loci
1087 3530 1174 3584 nostri
1184 3530 1331 3583 Gerbertus
1341 3530 1460 3593 advenit,

266 3632 393 3698 acceptaque
405 3633 474 3685 falce
487 3631 601 3685 foenaria
611 3635 722 3715 pratum
737 3630 794 3698 ipse
812 3634 915 3682 metere
926 3630 1013 3697 coepit
1027 3629 1228 3698 Superveniens
1241 3645 1306 3682 vero
1315 3629 1459 3696 praedictus

267 3719 327 3787 ute,
336 3731 413 3784 multa
425 3731 575 3799 opprobria
586 3736 614 3783 et
625 3730 750 3783 convicia
762 3729 837 3782 fratri
848 3729 974 3791 inferens,
987 3729 1087 3783 minari
1100 3728 1180 3796 coepit
1192 3729 1274 3795 camd,
1287 3728 1339 3781 nisi
1351 3733 1459 3796 pratum

267 3830 322 3874 fulin
333 3835 424 3883 metere
436 3831 587 3891 desisteret,
599 3846 661 3883 cum
672 3828 838 3882 contumelia
851 3844 914 3881 eum
928 3827 1076 3896 repelleret.
1089 3827 1217 3880 Atfrater
1228 3826 1297 3880 nihil
1310 3827 1391 3880 minis
1401 3826 1460 3894 ejus

232 3912 353 3987 aurata.
364 3944 458 3997 magna
477 3928 566 3997 inquit
577 3928 691 3981 fiducia:
707 3929 818 3980 italiam
831 3929 879 3981 hoc
890 3930 978 3980 nancti
988 3928 1084 3980 Jacobt
1098 3936 1120 3979 et
1142 3929 1253 3981 ecclesia
1272 3934 1370 3980 nostra
1388 3944 1459 3980 secu-

269 4025 304 4063 'lt
318 4029 454 4089 tomedinr,
466 4034 490 4079 et
508 4029 536 4078 in
551 4028 714 4093 protectione
732 4025 784 4077 Dei
801 4026 861 4076 coli
877 4025 992 4089 corafiaua
1010 4026 1114 4089 foenum
1132 4025 1206 4075 istud
1222 4024 1292 4075 rrilril
1308 4031 1331 4075 te
1343 4032 1460 4077 motilena

270 4108 370 4175 budam.
384 4123 447 4178 llaec
468 4123 514 4177 ille
534 4122 656 4186 audiens,
676 4123 782 4175 concite
807 4123 920 4175 domum
938 4138 1018 4174 suam
1037 4121 1181 4190 ingressus,
1203 4120 1293 4189 gladio
1315 4103 1459 4185 accinctus,

271 4218 347 4281 tmpta
354 4224 434 4276 securi
446 4224 558 4276 fratrem
572 4226 746 4275 truncaturus
759 4220 911 4283 revertitur,
921 4219 1089 4273 ferocissime
1105 4236 1168 4272 eum
1181 4219 1342 4287 aggreditur.
1350 4220 1403 4272 Sed
1412 4219 1459 4272 ubi

272 4303 350 4368 adeum
360 4321 428 4374 renit
442 4320 524 4386 (mira
538 4320 585 4374 sed
597 4324 691 4373 tamen
708 4336 781 4383 vera,
794 4320 852 4372 Deo
870 4324 946 4381 teste,
963 4317 1085 4372 dicturus
1103 4317 1183 4384 sunl),
1201 4318 1345 4386 praesentia
1361 4317 1459 4371 divinar

239 4398 261 4451 ω
273 4406 384 4472 ffltjestatig
395 4426 420 4473 et
434 4420 541 4474 meritis
557 4421 645 4473 sancti
656 4419 752 4472 Jacobi
764 4418 881 4486 apostoli
895 4418 1024 4486 dejectus,
1042 4418 1143 4485 pallere
1155 4422 1183 4470 et
1201 4424 1316 4471 tremere
1328 4418 1415 4485 coepit,
1427 4434 1459 4471 ac

273 4501 363 4570 sepau,
371 4518 447 4582 stetit,
459 4520 497 4573 ita
505 4524 536 4573 ut
547 4535 619 4588 serpe
627 4518 716 4571 dictus
725 4516 809 4570 frater
820 4517 855 4570 ad
868 4532 932 4569 eum
944 4516 1086 4569 accederet
1098 4520 1124 4569 et
1133 4515 1251 4584 gladium
1262 4516 1285 4568 ei
1299 4533 1330 4569 ac
1342 4515 1458 4569 securim

274 4596 453 4671 1liltilrcluctanti
465 4618 592 4679 auferret,
607 4618 700 4685 sicque
713 4617 826 4670 domum
846 4615 1006 4669 humiliatus
1021 4620 1048 4668 et
1064 4615 1173 4682 quietus
1194 4615 1294 4668 rediret
1312 4620 1340 4668 ut
1352 4632 1460 4684 semper

276 4692 359 4762 teucrus
366 4716 475 4771 ecclesie
487 4721 515 4770 et
526 4716 729 4786 congregationi
740 4717 875 4770 existeret.
