3270 5400
224 291 318 346 erun.
335 291 417 344 nso.
435 291 611 346 snorum.
629 314 676 323 —
694 292 843 346 urrann.
862 294 908 346 nn
926 295 1006 347 con.
1023 285 1063 346 ιιο
1079 294 1204 350 saar-ss.
1259 277 1332 352 353

199 481 324 550 Copiosae
337 481 458 536 caritatis
477 483 619 537 confessor
635 482 747 549 Judoce,
759 482 806 552 qui
824 499 886 538 cum
899 484 957 537 Deo
974 483 1097 553 glorieris
1108 484 1136 538 in
1154 485 1212 539 caeli
1223 485 1333 555 palatio,

177 581 298 639 escendo.
308 581 500 650 supplicamus,
510 582 544 635 ad
556 585 583 635 te
594 581 804 650 suspirantibus,
816 586 847 635 ut
858 587 957 637 exutos
967 582 1041 653 gravi
1051 599 1132 637 carne
1144 585 1287 653 pertrahas
1297 587 1332 641 ad

177 694 222 731 os.
238 675 270 735 i.
293 677 391 731 Sancte
408 678 458 732 Dei
477 678 619 732 confessor
635 677 747 743 tudoce,
764 682 792 733 te
812 683 974 734 venerantes
992 686 1110 751 protege,
1127 710 1160 720 -
1179 688 1209 737 ut
1226 687 1331 739 exutos.

177 791 193 827 s
206 773 279 829 Patri
290 779 317 828 et
328 775 396 828 Filio
408 780 436 829 et
447 775 557 844 Spiritui
569 779 673 830 sancto.
684 808 717 817 -
729 777 766 831 Ut
778 780 884 832 erutos.

177 888 317 926 mumius.
334 873 410 926 Dixit
426 873 522 927 Simon
534 873 630 927 Petrus
642 874 678 927 ad
695 874 845 930 Dominum
862 875 956 931 lesum
974 896 981 931 ε
999 878 1066 932 Ecce
1076 895 1132 932 nos.
1142 907 1173 916 —
1185 878 1331 933 Gonnrcra.

191 969 240 1038 qui
257 969 456 1036 beatissimum,
473 986 507 1024 ur
526 986 614 1024 rurae.

607 1172 663 1231 Ad
687 1173 824 1233 laudes

177 1326 220 1384 nt.
245 1328 323 1382 Alter
345 1329 410 1382 dum
433 1328 509 1382 solus
528 1332 661 1398 pergeret,
684 1328 789 1397 spiritui
811 1330 905 1383 obviat
926 1330 1037 1395 erroris;
1061 1347 1152 1400 aquo
1173 1333 1238 1388 dum
1259 1339 1331 1390 esset

177 1433 225 1486 tus.
238 1428 273 1481 ad
286 1429 374 1483 sancti
390 1429 523 1482 adductus
541 1428 649 1483 titulum
669 1429 790 1498 pristinae
801 1429 912 1483 sanitati
930 1435 972 1485 est
988 1431 1118 1485 redditus.
1136 1430 1179 1485 Ps.
1196 1432 1330 1487 Dominus

177 1528 229 1581 sit.

176 1626 220 1685 nt.
244 1627 275 1681 ln
294 1629 377 1682 tantis
398 1628 485 1682 sancti
505 1628 610 1683 meritis
627 1629 843 1698 omnipotentem
861 1629 1004 1682 laudemus
1015 1629 1165 1684 Dominum
1181 1646 1213 1684 ac
1224 1630 1330 1699 hymni·

177 1727 268 1781 cordis
278 1727 375 1794 jubilo,
387 1727 464 1780 vocis
474 1732 621 1780 resonante
633 1743 745 1797 organo,
757 1726 898 1780 modulata
909 1725 938 1779 in
950 1726 1064 1781 excelsis
1076 1727 1229 1796 proteratur
1241 1728 1329 1782 exsul-

185 1824 231 1878 Ps.
241 1825 368 1879 iubilate.

177 1921 220 1979 nt.
243 1924 366 1977 ludocus
378 1925 428 1978 Dei
441 1925 547 1978 amicus
559 1922 658 1979 divinis
669 1924 813 1979 decoratus
830 1924 985 1990 virtutibus,
1001 1924 1129 1979 omnibus
1140 1941 1170 1979 sc
1181 1926 1327 1982 amabilem

177 2023 232 2077 mit.
244 2022 288 2076 Ps.
300 2022 382 2085 Deus,
391 2022 464 2075 Deus
476 2037 562 2075 meus.

177 2117 220 2176 nt.
245 2119 394 2187 Regalibus
425 2115 560 2185 siquidem
584 2116 721 2171 natalibus
738 2121 822 2181 ortus,
845 2117 920 2171 velut
947 2117 1042 2171 lucifer
1063 2118 1184 2173 Judocus
1209 2119 1328 2175 emicuit.

177 2216 318 2270 lenedicite
331 2213 431 2269 omnia

177 2315 220 2371 nt.
242 2313 423 2368 Nobilitatem
435 2311 542 2382 generis
556 2310 657 2365 sanctis
669 2310 777 2365 ornavit
788 2311 920 2375 moribus,
932 2310 1050 2366 nobilior
1064 2311 1151 2365 multo
1169 2312 1226 2366 Deo
1244 2329 1327 2382 quam

177 2431 198 2468 o.

177 2528 253 2565 uuus.
271 2507 426 2578 Hymnidici
438 2511 537 2561 sonent
548 2507 615 2573 toni,
626 2511 654 2561 et
665 2512 764 2561 cetera.

177 2634 194 2691 i
208 2630 427 2691 benedictus.
442 2629 524 2688 snt.
542 2629 672 2699 Egregius
683 2629 733 2683 Dei
744 2629 849 2684 amicus
864 2629 985 2684 ludocus
996 2634 1059 2698 post
1069 2630 1211 2700 fatigatum
1229 2632 1328 2687 divinis

177 2735 226 2788 bus
239 2733 328 2786 debile
340 2748 439 2800 corpus
457 2735 484 2784 et
495 2731 655 2785 innovatam
667 2728 769 2783 sanctis
786 2728 915 2797 operibus
924 2728 1075 2797 juvenilem
1092 2734 1239 2794 senectam,
1251 2731 1328 2798 Eupo

177 2835 196 2886 lt
222 2833 317 2886 audire
343 2830 581 2898 jocundissimum,
607 2833 635 2883 et
662 2827 690 2881 in
720 2827 831 2882 Domini
862 2828 904 2882 sui
931 2844 1052 2897 perenne
1071 2828 1173 2882 intrare
1188 2828 1327 2897 gaudium.

177 2933 333 2987 :enodictus¹

181 3049 273 3086 nonas
285 3048 337 3085 orer
350 3047 410 3084 rur.
423 3045 457 3083 nr
474 3028 621 3091 Leonteus,
640 3043 777 3091 cremum,
794 3043 930 3082 vrnsrcom
947 3044 1021 3082 srcur
1038 3044 1073 3082 ns
1090 3044 1142 3082 uuo
1160 3044 1326 3083 corrrssons

177 3146 310 3186 osmrrcr.

180 3246 314 3285 secururs
327 3229 465 3282 Vrsrsnrs
477 3244 538 3281 sur.
550 3228 667 3281 Sanctus
674 3228 803 3290 ludocus,
815 3243 870 3280 cuu
881 3243 979 3280 rnusus
990 3243 1178 3292 supossrrsus.

560 3415 616 3474 Ad
637 3417 861 3486 summost.

177 3576 215 3634 rt.
228 3576 251 3631 0
264 3581 340 3645 pater
351 3576 365 3628 J
368 3575 461 3637 udoce,
842 3575 949 3641 Quibus
960 3573 1019 3643 ipse
1029 3572 1186 3642 jocundaris

224 3674 318 3730 Dulcis
330 3674 358 3726 in
371 3672 514 3734 memoria,
847 3671 920 3725 Inter
931 3671 990 3725 eceli
1004 3670 1138 3736 vernulas,

224 3776 278 3829 Sed
290 3791 352 3828 cum
366 3771 474 3826 Christo
484 3771 542 3839 jam
553 3770 666 3838 perenni
842 3771 894 3824 Fac
907 3775 937 3824 ut
949 3770 984 3823 ad
997 3769 1111 3824 celestis
1122 3770 1185 3839 agni

225 3873 336 3928 Dulcior
345 3871 373 3925 in
384 3871 480 3940 gloria,
839 3869 1026 3923 Admittemur
1038 3868 1142 3937 epulas.

183 3999 346 4077 llegnisrcat.
359 3998 504 4052 consecra.
517 3995 644 4062 Deusqui
655 3995 854 4049 beatissimum.

177 4121 358 4182 luxiam
373 4116 538 4176 collecta.
554 4118 666 4181 Adesto,
685 4117 810 4181 Domine,
830 4116 956 4186 precibus
976 4116 1085 4180 nostris,
1105 4132 1173 4185 quas
1190 4117 1219 4171 in
1236 4117 1323 4171 saneti

177 4223 188 4278 i
200 4221 365 4278 contessoris
376 4220 417 4274 tui
429 4217 692 4273 commemoratione
704 4216 860 4282 deferimus,
869 4219 900 4269 ut
908 4215 955 4285 qui
964 4220 1065 4269 nostrae
1071 4215 1184 4284 justitie
1194 4214 1322 4270 fiduciam

177 4322 304 4384 abemus,
316 4319 434 4390 ejusqui
447 4320 495 4374 tibi
507 4318 611 4387 placuit
621 4316 726 4371 meritis
738 4316 908 4383 adJuremur.
921 4316 973 4369 Per
982 4316 1141 4370 Dominum.

177 4443 188 4501 l
213 4453 355 4501 nonam.
381 4439 546 4499 collecta.
575 4439 667 4493 Sancti
695 4437 791 4492 tudoci
820 4437 983 4491 contessoris
1011 4436 1050 4490 tui
1078 4452 1137 4501 nos,
1158 4452 1322 4506 quesumus,

177 4560 217 4609 ne,
232 4548 311 4597 tuere
322 4540 462 4611 presidiis,
474 4544 502 4594 et
519 4540 577 4607 eius
595 4553 702 4605 semper
719 4534 959 4590 intercessionibus
975 4534 1146 4601 adjuvemur.
1163 4534 1215 4587 Per
1232 4534 1323 4589 Domi-

189 4758 287 4800 αιτιιὴ
303 4756 388 4795 saux.
403 4756 428 4793 r.
445 4756 474 4794 u.
1190 4731 1225 4786 23
