3338 5394
282 368 376 421 mun.
393 366 475 420 nuo.
494 367 667 420 snuxruu
686 389 733 400 —
751 367 900 421 menno.
918 368 965 420 no
982 368 1063 421 coo.
1080 355 1118 421 u⁰
1135 367 1260 422 sara-rs.
1315 346 1388 421 uos

155 557 312 613 reconditas
328 557 432 612 haberi.
444 556 569 612 Graviter
586 556 679 626 itaque
696 557 861 626 redarguens
877 556 977 611 acriter
988 556 1016 611 in
1034 573 1083 612 eos
1101 556 1225 612 invectus
1242 560 1292 622 est,
1304 571 1390 627 quare

155 660 264 712 tantum
281 658 359 711 neias
377 657 485 726 aggredi
504 656 620 711 luissent
637 657 705 721 ausi,
724 657 799 726 quod
816 656 875 710 Deo
892 656 1108 726 hominibusque
1125 637 1300 711 exsecrabile·
1310 656 1390 711 toret

156 756 242 812 Porro
253 756 328 826 leges
339 756 470 811 humanae
482 756 587 826 absque
595 756 651 809 ullo
663 755 861 810 misericordiae
873 759 1000 825 respectu
1008 755 1065 810 vita
1076 772 1125 810 eos
1136 772 1229 810 carere
1242 754 1390 825 suspendio

154 856 290 927 juberent„
307 856 451 911 Postremo
469 855 572 911 Helisei
583 856 724 925 prophetae
736 855 872 924 exemplo,
889 855 937 925 qui
949 855 1020 924 regis
1031 855 1115 924 Syria
1132 855 1309 921 latrunculos,
1321 871 1391 924 quos

122 963 139 1013 b
156 957 231 1011 adse
244 956 462 1012 interficiendum
475 956 619 1021 direxerat,
632 960 726 1026 raptos
745 955 831 1010 oculis
848 955 877 1009 iu
893 955 1016 1010 medium
1033 955 1146 1009 deduxit
1157 955 1287 1010 Samarioe
1299 960 1391 1025 atque,

156 1072 220 1126 rege
232 1056 315 1111 lsrael
324 1057 483 1125 requirente
494 1072 511 1110 a
522 1055 665 1125 propheta,
677 1060 806 1110 utrumne
817 1071 865 1109 eos
876 1054 968 1123 gladio
980 1060 1141 1124 percuteret,
1152 1055 1307 1126 prohibuit;
1324 1055 1391 1126 quin

157 1155 248 1226 potius
256 1172 327 1226 pane
343 1155 510 1210 refocillatos
522 1159 550 1208 et
561 1172 634 1224 aqna
646 1156 704 1210 suis
715 1155 830 1210 remisit.
841 1154 966 1210 llisertus
977 1154 1059 1224 igitur
1070 1155 1209 1210 latronum
1219 1154 1317 1220 labori,
1328 1154 1390 1209 cibo

157 1261 281 1327 potuque
290 1273 338 1310 eos
346 1255 421 1310 rellci
427 1255 509 1324 jussit
514 1260 598 1324 atque
604 1254 756 1309 incolumes
763 1255 798 1309 ad
805 1255 915 1324 propria
924 1271 1055 1320 remeare,
1062 1255 1228 1310 interdicens
1236 1271 1271 1309 ne
1280 1255 1391 1325 quando

157 1357 192 1411 ad
203 1356 268 1410 talia
275 1355 401 1409 audenda
412 1359 629 1425 prorumperent

107 1459 140 1511 to
199 1454 233 1512 5.
258 1454 396 1523 cryptam,
416 1454 444 1506 iu
466 1469 521 1521 qua
545 1451 618 1506 idem
641 1450 829 1505 sanctissimus
845 1451 927 1505 Pater
949 1452 1089 1521 quondam
1114 1468 1228 1522 corpore
1252 1455 1393 1522 quievisse

79 1616 82 1621 4
157 1555 282 1616 refertur,
303 1551 331 1604 in
350 1566 406 1618 qna
425 1548 508 1602 etiam
526 1547 612 1602 altare
633 1547 685 1601 sub
705 1547 817 1600 nomine
835 1546 921 1615 ipsius
938 1551 965 1600 et
976 1547 1052 1602 beati
1063 1546 1172 1602 llartiui
1189 1550 1312 1619 praesulis
1332 1550 1390 1606 lieo

157 1651 278 1706 dicatum
299 1653 365 1713 erat,
382 1647 484 1702 crebris
503 1646 628 1701 Christus
645 1646 779 1700 Dominus
797 1645 936 1700 miraculis
953 1646 1058 1701 meritis
1078 1646 1170 1704 dilecti
1190 1648 1235 1703 sui
1251 1648 1394 1705 Benedicti

157 1751 293 1806 illustrare
310 1747 460 1802 consuevit
481 1746 558 1811 Nam,
578 1750 609 1800 ut
627 1746 660 1799 de
678 1744 898 1800 febricitantibus
917 1750 1030 1810 taceam,
1048 1747 1096 1815 qui
1114 1746 1138 1802 si
1157 1747 1211 1801 lide
1227 1747 1308 1817 plena
1325 1747 1393 1803 inibi

156 1848 353 1911 decubueraut,
363 1848 476 1914 repente
488 1844 691 1908 convalescunt,
704 1843 759 1897 duo
769 1858 830 1912 quoe
842 1859 859 1896 a
871 1842 1015 1896 veracibus
1025 1843 1150 1912 personis
1160 1844 1242 1899 didici
1252 1843 1393 1911 miracula,

108 1958 141 2007 tn
157 1948 259 2002 referre
271 1945 382 1999 curabo.
399 1943 550 1998 Monachus
561 1943 673 2011 quidam
686 1941 872 1995 Bellilocensis
881 1943 895 1972 ⁸
908 1941 1033 2006 coeuobii,
1046 1943 1121 2011 quod
1132 1946 1174 1996 est
1184 1943 1267 1997 situm
1281 1941 1308 1996 in
1320 1959 1390 2014 papo

157 2044 348 2101 lemovicensi
360 2060 443 2113 super
454 2043 569 2097 fluvium
582 2041 750 2095 Dordoniam
767 2042 790 2105 *,
801 2041 977 2110 sepulchrum
994 2041 1078 2109 hujus
1089 2041 1177 2095 sancti
1194 2041 1294 2110 saepius
1303 2041 1392 2112 gratia

157 2146 312 2202 devotionis
324 2146 400 2200 adire
412 2149 601 2199 consueverat
611 2143 680 2197 Huic
692 2158 796 2196 nomen
808 2141 974 2206 ildebaldus,
983 2147 1096 2211 eratque
1112 2159 1212 2212 genere
1228 2142 1392 2213 Aquitanas.

158 2245 266 2314 Quique
278 2245 431 2314 Huqonem,
445 2243 489 2297 cui
507 2243 646 2297 Candidus
658 2257 817 2311 praenomen
828 2240 887 2305 luit,
900 2242 971 2295 inter
982 2240 1056 2295 viros
1069 2241 1221 2311 Aquitanos
1241 2241 1318 2297 haud
1329 2257 1392 2298 con·

158 2345 313 2399 temnendae
322 2342 474 2397 nobilitatis
485 2343 535 2395 'seu
547 2340 684 2410 potentin,
695 2340 870 2394 suasionibus
882 2340 1016 2410 compulit
1028 2339 1135 2409 aliquos
1147 2342 1181 2395 de
1192 2341 1254 2396 liliis
1264 2341 1322 2397 suis
1333 2342 1392 2398 Deo

111 2450 144 2503 ὀ
160 2442 290 2512 Patrique
299 2444 395 2496 sancto
407 2439 555 2494 Benedicto
564 2441 715 2494 servituros
733 2438 761 2493 iu
779 2439 833 2493 hoc
844 2455 922 2493 sacro
941 2439 1064 2494 conferre
1080 2439 1245 2495 l'loriacensi
1257 2441 1392 2497 coenobio.

158 2541 239 2610 Quod
257 2545 428 2595 memoratus
446 2539 488 2594 vir
499 2539 586 2593 libens
602 2538 701 2602 effecit,
718 2555 750 2592 ac
768 2538 868 2592 deinde
886 2544 942 2592 tum
960 2537 1019 2607 ipse
1037 2555 1122 2608 quam
1139 2538 1189 2593 lilii
1206 2540 1265 2608 ejus
1283 2556 1393 2611 semper

158 2641 251 2698 devoti
262 2640 441 2710 munificique
453 2641 525 2694 circa
535 2639 609 2692 hunc
621 2638 697 2691 luere
706 2637 806 2691 locum.
815 2638 867 2691 Sed
880 2643 1050 2692 memoratus
1058 2639 1108 2693 Dei
1120 2655 1216 2694 servus
1224 2639 1393 2707 Adebaldus,

159 2741 226 2796 dum
238 2742 396 2809 frequenter
407 2738 578 2794 Floriacense
597 2738 725 2793 inviseret
735 2737 899 2803 coenobium,
917 2753 972 2791 una
989 2738 1096 2792 dierum
1114 2744 1277 2794 memoratae
1293 2745 1394 2810 cryptoe

159 2840 226 2895 adiit
242 2839 373 2909 penetral,
386 2844 418 2893 ut
434 2838 616 2907 omnipotenti
629 2839 688 2892 Deo
705 2838 875 2892 immaculati
891 2838 1017 2892 sacrificii
1034 2839 1145 2893 offerret
1157 2839 1298 2893 libamina.
1310 2838 1392 2894 Assu-

109 2945 142 2997 w
158 2953 291 3006 ruensque
308 2953 395 2991 uuum
413 2952 428 2990 e
446 2936 620 3005 pauperibus,
631 2935 679 3004 qui
696 2935 732 2988 ob
749 2935 950 2989 duodenarium
962 2936 1152 3004 apostolorum
1164 2952 1311 2990 numerum
1324 2937 1393 2991 dno·

159 3036 223 3091 deni
234 3036 305 3105 stipe
316 3035 428 3090 aluntur
437 3034 605 3099 monasterii,
617 3034 769 3088 desiderata
780 3034 886 3088 studuit
897 3034 1036 3088 inchoare.
1049 3035 1118 3089 Cum
1134 3051 1199 3089 ecce
1212 3035 1285 3089 inter
1296 3035 1392 3104 primm

158 3139 270 3189 secretae
282 3134 412 3204 mysteria
429 3139 521 3188 tantus
538 3138 626 3187 terror
642 3146 792 3203 pauperem
811 3133 920 3198 invasit,
937 3137 967 3187 nt
981 3133 1138 3187 nullatenus
1157 3133 1223 3188 inibi
1244 3133 1393 3190 consistere

159 3233 264 3288 audens
276 3233 351 3288 foras
362 3233 543 3303 egrederetur,
556 3237 612 3286 tam
621 3237 725 3286 secrete
738 3236 839 3296 tamen,
849 3237 880 3286 ut
891 3233 1021 3301 praiatus
1030 3234 1158 3286 sacerdos
1169 3229 1281 3287 Domini
1292 3249 1393 3303 nequa·

159 3348 243 3402 quam
256 3332 283 3386 id
295 3331 510 3401 persentisceret.
522 3331 574 3399 Qui
585 3331 710 3399 supernis
726 3331 848 3385 intentus
860 3330 982 3396 theoriis,
991 3347 1054 3385 cum
1066 3331 1095 3385 in
1105 3331 1160 3385 line
1173 3331 1307 3387 orationis
1319 3333 1331 3357 ⁸
1343 3348 1393 3402 per

109 3438 142 3492 30
159 3431 254 3486 omnia
265 3431 358 3486 seculo
369 3431 525 3485 seculorum
538 3472 548 3497 ,
560 3431 680 3496 dixisset,
689 3431 812 3500 angelica
825 3431 850 3485 ei
860 3446 914 3485 vox
923 3431 1063 3500 respondit
1076 3432 1087 3456 ⁸
1100 3431 1190 3485 Amen
1201 3472 1222 3496 ,.
1235 3432 1333 3501 Sicque
1345 3448 1393 3502 per

160 3529 356 3599 consequentia
371 3529 456 3584 divini
474 3529 638 3584 sacramenti
653 3530 744 3584 officia
763 3529 864 3584 caelesti
880 3528 970 3598 usu[s]
983 3530 1134 3584 ministerio
1146 3546 1180 3585 ea
1194 3547 1255 3599 quae
1266 3530 1316 3586 Dei
1327 3536 1393 3586 sunt

158 3628 269 3698 peregit
281 3628 418 3683 Latuisset
430 3645 496 3683 sane
512 3629 566 3684 hoc
579 3628 759 3683 memorabile
771 3628 887 3699 signum,
897 3628 925 3682 ui
936 3645 1041 3698 pauper
1052 3629 1154 3683 veritus
1165 3629 1299 3695 accusari,
1307 3633 1392 3684 terro-
1478 3615 1482 3624 ¹

159 3743 218 3781 rem
232 3727 395 3796 prodidisset
406 3744 495 3782 suum.
513 3728 609 3796 ltaque
626 3727 789 3782 venerabilis
800 3727 954 3782 monachus
971 3727 1153 3797 interrogatus
1165 3745 1182 3782 a
1194 3728 1332 3794 lintribus,
1345 3744 1393 3784 cur

158 3826 234 3881 solus
245 3827 358 3882 missam
369 3828 507 3882 celebrare
516 3827 742 3897 presumpsisset,
750 3828 825 3896 quod
836 3827 973 3881 acciderat
984 3828 1142 3896 compulsus
1154 3832 1195 3882 est
1206 3843 1342 3883 enarrare.

108 3929 142 3982 35
200 3923 236 3983 6.
259 3924 341 3979 Aliud
364 3940 475 3993 quoquc
498 3924 606 3994 signum
628 3925 657 3978 iu
681 3924 779 3979 eadem
802 3928 897 3993 crypta
919 3925 1010 3979 visum
1034 3925 1184 3980 venerabili
1202 3925 1262 3981 viro
1279 3926 1392 3981 nomine

159 4024 303 4093 hdelgaro,
312 4027 375 4076 actu
384 4027 411 4076 et
422 4022 518 4076 ordine
530 4022 676 4087 monacho,
689 4027 819 4076 narrante
828 4021 951 4092 cognovi.
961 4022 1012 4076 llic
1021 4022 1073 4076 luit
1085 4038 1118 4077 ex
1131 4023 1268 4093 discipulis
1279 4024 1392 4079 sanctis·

159 4124 224 4179 simi
232 4122 365 4177 Dunstani
377 4121 585 4191 archiepiscopi,
595 4121 643 4190 qui
653 4120 747 4190 buglis
756 4121 913 4175 Saxonibus
923 4120 1096 4176 [londoniam
1106 4122 1290 4178 incolentibus
1301 4127 1392 4193 pasto-

160 4220 211 4275 rali
223 4219 331 4290 proesuit
347 4218 543 4282 sollicitudiue;
560 4218 662 4288 quique
674 4217 886 4288 contemporalis
903 4235 935 4273 ac
947 4217 1104 4274 individuus
1115 4220 1144 4274 in
1155 4226 1250 4274 sancta
1261 4221 1391 4290 religione

159 4319 250 4373 socius
262 4317 313 4372 luit
329 4323 425 4372 sancto
436 4333 469 4371 ac
485 4317 636 4371 venerabili
648 4316 777 4372 Osrvoldo
794 4317 1001 4388 archiepiscopo
1018 4318 1252 4385 Eboriacensium,
1269 4324 1297 4375 et
1308 4320 1391 4389 huius

109 4422 143 4477 lo
159 4417 339 4473 Floriacensis
351 4416 469 4471 coenobii
477 4418 625 4471 monacho.
636 4417 675 4471 lix
687 4432 806 4486 quorum
817 4416 954 4485 frequenti
964 4417 1103 4488 colloquio
1114 4423 1284 4474 memoratus
1296 4435 1391 4475 mona-

160 4516 229 4572 chus
244 4517 279 4570 ad
290 4532 413 4570 amorem
422 4516 512 4570 sancti
524 4515 612 4570 Patris
623 4532 755 4570 accensus
767 4516 908 4571 Benedicti
919 4532 1023 4571 annum
1032 4518 1046 4549 *
1056 4522 1119 4587 post
1135 4534 1232 4573 eorum
1245 4518 1391 4574 transitum
1427 4511 1509 4567 *coa
1520 4496 1604 4570 aium.

161 4615 196 4670 nd
207 4614 356 4670 Dominum
368 4615 423 4669 hoc
439 4614 612 4670 Floriacense
623 4615 738 4684 expetiit
754 4614 957 4671 coenobium.ls
975 4632 1040 4686 erqo
1052 4616 1146 4672 retulit
1156 4617 1226 4672 mihi
1244 4618 1309 4688 quia
1325 4634 1391 4688 qua·

161 4716 226 4771 dam
239 4714 282 4770 die
292 4715 321 4770 in
333 4714 490 4770 intinnitate
502 4714 632 4770 laborans
643 4730 776 4785 corporea
788 4715 905 4770 eandem
917 4720 1040 4785 cryptam
1052 4716 1127 4782 adiit,
1138 4717 1286 4774 missarum
1294 4720 1392 4776 solem·
