3270 5400
203 342 278 417 420
539 354 668 418 c'arnt.
694 365 799 418 CODD.
825 365 1105 421 unstodnapmc.

203 553 307 619 inisset,
315 553 404 624 ipsum
413 555 488 623 quod
501 554 651 609 devoverat
660 555 801 623 palliolum
814 555 852 609 ita
862 555 932 610 collo
943 557 1002 623 ejus
1012 557 1117 612 suendo
1128 559 1259 625 firmavit,
1268 577 1304 616 ne
1312 579 1342 617 se
1351 563 1432 618 ilload

202 653 388 707 sanctuarium
402 653 524 717 veniens,
536 670 599 707 curn
612 653 703 717 vellet,
714 669 815 708 exuere
827 660 928 723 posset.
943 655 1032 709 Solvit
1049 661 1152 712 tarnem
1162 660 1309 714 caritativa
1318 662 1432 717 mulieris

201 753 321 817 devotio,
331 753 407 822 quod
419 752 544 821 conJ'ugis
552 769 638 806 avara
650 752 813 807 innexuerat
823 753 988 808 sollicitudo.
1000 755 1069 809 Cum
1087 772 1151 826 ergo
1162 758 1266 814 atrium
1279 761 1432 816 monasterii

201 854 395 923 ingrederetur,
407 869 473 906 mox
486 852 576 906 omnis
585 851 632 905 illa
643 851 745 921 pallioli
755 851 879 922 ligatura,
891 853 971 906 citius
983 870 1066 922 quam
1082 855 1117 909 ab
1129 856 1224 927 aliquo
1237 859 1363 929 disrupta
1374 861 1431 916 iuis

201 956 251 1017 eet,
260 952 415 1007 resolvitur.
427 950 516 1018 Quod,
529 951 686 1005 videntibus
703 951 816 1009 cunctis.
826 951 926 1006 mulier
942 969 1027 1007 manu
1046 955 1166 1009 retinens
1184 956 1270 1011 intrat
1287 959 1454 1025 ecclesiamt

199 1067 371 1122 pergensque
382 1052 418 1104 ad
427 1050 500 1105 beati
510 1050 633 1119 praesulis
642 1050 781 1106 tumulum
791 1050 905 1118 aspexit,
915 1056 944 1105 ut
954 1068 1018 1106 vere
1029 1053 1173 1118 fatebatur,
1181 1055 1303 1126 desuper
1311 1059 1428 1117 eumden

200 1156 326 1205 sanctum
338 1154 483 1213 astantem,
494 1148 538 1202 cui
556 1149 634 1218 quasi
646 1150 773 1218 prasenti
785 1165 870 1216 seque
887 1149 1005 1204 intuenti
1022 1153 1097 1219 quod
1115 1152 1269 1209 devoverat
1286 1157 1428 1213 offerretO

201 1250 290 1304 virum
303 1248 460 1319 gloriosum,
473 1248 605 1317 omnique
617 1249 726 1302 actione
744 1248 936 1303 clarissimum.
948 1248 984 1303 Ut
995 1256 1087 1305 autem
1105 1252 1256 1308 humilium
1268 1257 1329 1311 sire
1340 1273 1427 1326 paupe

200 1365 262 1403 rum
274 1348 398 1417 magistri
407 1363 525 1416 sequens
534 1347 649 1417 vestigia
660 1347 713 1402 sibi
728 1348 903 1403 devotionem
918 1353 1058 1418 acceptam
1071 1350 1230 1414 declararet,
1243 1369 1301 1408 uon
1313 1360 1355 1409 est
1365 1355 1426 1409 dedi·

199 1452 298 1517 gnatus
318 1448 431 1516 pauperi
449 1445 559 1500 mulieri
581 1462 643 1501 curn
661 1446 810 1501 devotione
825 1447 946 1502 venienti
964 1448 1083 1517 seipsum
1102 1450 1258 1506 ostendere.
1276 1453 1330 1507 Sed
1348 1459 1375 1508 et
1390 1453 1425 1508 illa
1439 1463 1459 1515 tt

199 1544 329 1599 manibus
342 1545 376 1598 ad
395 1560 500 1607 ornnes,
512 1544 546 1597 ad
567 1543 657 1611 ipsum
679 1544 762 1599 etiam
781 1545 884 1599 clerum
904 1547 1032 1609 extensis,
1053 1546 1189 1601 universis
1210 1550 1292 1618 quasi
1312 1557 1423 1606 sanctum

199 1645 355 1710 ostendens,
366 1644 531 1712 loquebatur
543 1643 636 1698 dicens
646 1663 653 1697 z
664 1645 740 1711 Ecce,
750 1663 806 1699 ecce
818 1646 913 1699 viduis
922 1665 931 1696 .·
939 1661 1057 1713 presens
1069 1648 1144 1701 adeat
1152 1649 1284 1704 domiuus
1292 1652 1423 1720 Hylactes,

198 1746 310 1811 singulo
321 1760 379 1812 qua
387 1745 431 1796 iu'c
437 1745 516 1810 fiunt,
529 1757 639 1810 quaque
648 1745 810 1810 inferuntur
819 1745 963 1812 diligenter
975 1747 1123 1799 intendens.

240 1842 273 1899 2.
295 1843 358 1898 alta
374 1842 450 1896 veuit
460 1847 519 1896 toto
531 1840 630 1896 debilis
639 1858 754 1912 corpore
766 1842 886 1906 lemina;
898 1859 960 1913 quae
977 1843 1006 1896 in
1017 1843 1091 1897 beati
1104 1844 1154 1898 viri
1169 1847 1273 1915 pietate
1291 1864 1366 1917 spem
1376 1865 1422 1903 suu

196 1940 293 1995 salutis
305 1956 419 2008 ponens,
432 1939 460 1994 in
473 1940 532 2006 ejns
544 1938 669 1992 oratione
687 1939 815 2007 precibus
833 1955 896 1993 curn
914 1939 1018 2008 gemitu
1034 1955 1051 1992 a
1069 1940 1127 1993 Deo
1145 1942 1261 1997 sibimet
1276 1960 1421 1998 succurrere
1434 1955 1455 2002 ti

194 2040 334 2110 poscebat,
344 2054 462 2107 cumque
475 2038 672 2106 aliquantisper
686 2038 812 2092 oratione
822 2038 904 2091 simul
916 2055 949 2092 ac
960 2039 1026 2092 tlctu
1035 2039 1148 2108 fatigata
1167 2042 1376 2108 condormisset,
1390 2043 1420 2097 illi

194 2139 329 2209 benignus
341 2138 452 2192 Domini
464 2137 564 2206 praesul
575 2137 704 2205 Hylarius
722 2137 856 2206 apparuit,
868 2142 952 2206 atque
969 2137 1008 2191 sic
1026 2154 1087 2192 eam
1105 2140 1206 2194 ellatur
1223 2141 1420 2211 dicens:Surge

193 2241 256 2293 irinc
267 2247 292 2293 et
308 2256 367 2291 eum
385 2255 467 2306 quum
479 2239 581 2305 quaeris
592 2239 721 2290 seruitutis
731 2241 861 2304 pretium,
873 2239 993 2305 qualiter
1009 2239 1177 2305 adipiscaris
1195 2242 1233 2292 od
1252 2245 1342 2296 eundi
1357 2244 1420 2297 Petri

193 2341 305 2393 ecclesie
321 2339 405 2404 liujus
425 2339 498 2391 sedis
514 2338 613 2390 limina
631 2339 801 2404 quamtocius
820 2345 845 2390 te
859 2353 1017 2404 promouere
1032 2339 1142 2404 festivae.
1163 2339 1227 2406 Ipse
1239 2348 1264 2394 te
1281 2342 1336 2394 sibi
1353 2360 1370 2395 c
1386 2358 1418 2395 ue

192 2440 323 2492 directam
341 2439 495 2490 miserendo
512 2438 640 2502 suscipiet
657 2444 737 2503 atque
754 2436 866 2504 optabili
878 2438 1008 2502 protinus
1025 2439 1151 2504 coaptati
1168 2441 1300 2494 restituet.
1317 2439 1450 2507 Quedett

192 2542 276 2591 tauta
287 2535 494 2605 pollicitationis
505 2551 621 2589 munere
633 2550 738 2599 secura,
750 2534 814 2589 inde
828 2551 994 2603 consurgens
1006 2535 1041 2588 ad
1054 2536 1153 2589 ostium
1168 2537 1323 2593 beatissimi
1334 2555 1417 2608 perre-

191 2634 233 2688 nit
243 2634 370 2703 apostoli.
388 2633 571 2702 Tangensque
587 2632 654 2686 illud
666 2633 757 2687 taliter
773 2633 935 2687 custodibus
948 2633 1121 2702 proclamans
1133 2635 1173 2688 ait
1184 2655 1191 2689 :
1202 2639 1325 2706 Aperite,
1334 2655 1415 2708 querc,

191 2736 293 2800 aperite
305 2736 416 2798 uiiseroe,
428 2750 511 2800 quom
529 2735 652 2801 egrepius
669 2734 808 2799 confessor·
825 2734 963 2801 Hytcriua
979 2735 1098 2787 maximo
1116 2736 1220 2789 diremit
1245 2740 1415 2806 apostolorum

190 2835 352 2886 sesamam.
364 2832 413 2886 Cui
426 2848 511 2885 manu
529 2848 592 2885 cum
605 2831 753 2886 devotione
765 2832 884 2900 pulsanti
902 2832 966 2886 dum
985 2832 1164 2901 aperuissent,
1182 2835 1231 2888 illa
1248 2853 1315 2891 mox
1333 2842 1415 2906 utpote

190 2930 292 2985 talibus
305 2932 441 2986 medicata
453 2930 615 3001 praesulibus
627 2947 688 2985 sese
700 2931 785 3001 erigit,
803 2937 887 3000 atque
899 2931 976 2984 omni
992 2932 1181 2987 membrorum
1196 2935 1293 3004 rigore
1303 2937 1448 3006 respersu

191 3029 226 3082 ad
235 3029 320 3083 altare
333 3045 420 3099 usquc
433 3028 605 3097 progreditur
612 3050 619 3093 ;
632 3029 725 3098 ibique
740 3045 825 3083 orans
837 3034 864 3083 et
875 3029 977 3099 gratias
989 3046 1071 3099 agens
1090 3036 1205 3086 eatenus
1217 3035 1328 3099 mansit,
1340 3035 1414 3089 denec

191 3141 287 3195 sospes
306 3127 452 3181 amborum
471 3126 597 3196 gratiosis
614 3127 747 3182 comitata
763 3126 869 3181 meritis
886 3127 921 3181 ad
939 3127 1057 3196 seipsam
1069 3128 1132 3182 lata
1144 3130 1257 3185 rediret.
1270 3132 1340 3187 Ecce
1350 3133 1413 3202 pium

191 3225 343 3280 antistitem
360 3231 557 3295 postmortem
578 3227 662 3280 etiarn
684 3226 875 3281 admirabilem
897 3227 1014 3296 apostoli
1035 3228 1197 3283 auditorem.
1221 3230 1303 3299 Quod
1333 3237 1412 3287 autem

191 3324 264 3378 idem
276 3326 417 3393 apostolus
430 3325 587 3380 viventibus
604 3325 669 3379 dicit
688 3327 699 3351 ⁸
710 3326 823 3380 Honore
841 3325 959 3379 invicem
977 3327 1176 3395 pravenientes
1191 3330 1288 3394 „hoc
1300 3330 1413 3401 Hylam

191 3440 272 3478 carue
283 3431 417 3489 mortuus,
429 3425 526 3494 spiritu
539 3424 642 3489 vivens,
654 3425 743 3494 primo
753 3425 942 3494 apostolorum
952 3425 1064 3479 exhibet
1076 3426 1167 3482 Petro.
1424 3428 1448 3479 tt

231 3524 264 3582 3.
286 3524 357 3591 Quid
368 3525 486 3577 referam
499 3528 547 3577 aut
557 3521 728 3592 versipellem
741 3522 932 3577 Normannum
943 3523 1012 3578 ialso
1022 3524 1176 3593 suscepisse
1188 3526 1413 3596 baptismumiEa

190 3623 308 3691 denique
320 3624 492 3690 tempestate,
502 3637 557 3688 qua
567 3618 664 3688 [s]aeva
676 3621 817 3674 Dauorum
827 3620 1000 3675 classiscirca
1010 3621 1102 3676 locum
1115 3623 1209 3677 Sancti
1219 3624 1349 3682 Florentii
1360 3624 1412 3681 resi·

189 3724 265 3785 deus,
280 3722 351 3775 lines
363 3720 517 3787 Aquitaniae
536 3719 729 3787 depopulando
741 3724 870 3782 vastaret,
883 3719 995 3788 quidam
1009 3736 1105 3775 eorum
1123 3738 1154 3776 se
1172 3723 1352 3780 christianum
1363 3722 1411 3779 lieri

189 3821 318 3876 srctatide
329 3819 463 3873 simulans
475 3818 615 3887 expetivit.
629 3819 812 3873 Profitebatur
831 3835 861 3872 se
878 3819 951 3873 enim
969 3819 1045 3873 omui
1063 3821 1159 3889 patriae
1176 3838 1235 3878 nou
1252 3826 1412 3880 mediocriter

189 3919 444 3989 profuturumdum
455 3921 561 3971 tautum
571 3917 699 3971 manibus
708 3917 809 3972 nobilis
818 3918 949 3972 Rannultl
960 3918 1070 3973 comitis
1079 3935 1158 3973 sacro
1167 3920 1309 3978 levaretur
1316 3942 1333 3979 a
1340 3925 1411 3979 lente
1422 3922 1445 3975 a

189 4019 270 4087 Quod
281 4034 348 4071 sane
365 4016 441 4070 illum
461 4017 598 4082 expetisse
615 4032 664 4084 pro
686 4016 831 4080 munificis,
849 4020 879 4069 ut
896 4033 930 4071 ea
950 4033 1016 4086 gens
1034 4018 1144 4082 assolet,
1163 4021 1292 4076 arbitrari
1311 4040 1364 4078 nou
1378 4025 1412 4076 est

189 4118 304 4172 dubium
322 4116 400 4170 albis.
419 4116 543 4183 Cumque
555 4115 695 4168 lavacrum
708 4114 781 4169 illius
792 4115 910 4183 qualiter
920 4115 1076 4184 sinegratia
1094 4118 1145 4171 rite
1165 4127 1309 4188 peractum
1322 4124 1412 4185 luisset.

189 4218 263 4287 quod
276 4217 303 4270 in
315 4216 412 4269 eodem
431 4219 604 4267 sacramento
622 4214 773 4268 uelandum
792 4214 920 4277 latuerat,
937 4214 1003 4268 almi
1020 4217 1144 4285 praesulis
1161 4218 1270 4288 Hylarii
1280 4225 1415 4279 manifesta

188 4316 288 4370 virtute
298 4313 597 4369 omnibusdeclaratur.
607 4313 667 4366 Non
675 4313 747 4366 enim
759 4313 786 4367 in
794 4314 934 4367 suadomo
942 4316 1185 4384 mntaebypocrisis
1193 4319 1322 4377 fraudem
1332 4338 1416 4394 passus

188 4421 231 4470 est
250 4415 341 4469 celari.
362 4415 432 4482 Ergo
444 4413 483 4466 sic
500 4412 652 4482 baptizatus
664 4412 789 4482 albisque
800 4413 951 4468 admodum
963 4413 988 4467 ei
1000 4415 1113 4485 quidem
1127 4416 1294 4477 desideratis
1305 4424 1417 4486 restitus,
1429 4421 1452 4475 tt

189 4514 253 4568 dum
263 4515 349 4567 limen
358 4512 487 4575 ecclesiae,
497 4512 543 4565 ubi
556 4517 667 4566 sanctus
679 4511 807 4580 Hylarius
819 4528 898 4566 carus
908 4513 957 4568 Dei
969 4513 1075 4568 amicus
1084 4531 1203 4584 corpore
1213 4520 1343 4588 quiescit,
1353 4522 1419 4595 pedi·

189 4613 239 4668 bus
251 4613 391 4681 attigisset,
404 4612 467 4666 licet
483 4628 584 4680 magna
601 4612 667 4665 cato
688 4610 789 4665 inesset
806 4612 948 4676 serenitas,
965 4613 1057 4667 subito
1075 4620 1207 4683 surgente
1224 4620 1339 4678 turbiue
1355 4621 1420 4678 reati

188 4711 322 4768 crismatis
334 4711 417 4766 vestis
437 4712 574 4781 patefacta
592 4710 770 4766 simulatione
789 4711 825 4766 ab
843 4711 902 4780 ejus
919 4711 1007 4781 capite
1024 4712 1180 4781 devellitur,
1192 4721 1281 4790 atque
1293 4722 1423 4794 perpavi-
