3270 5400
255 308 348 360 aran.
366 308 447 360 nuo.
466 308 639 363 sarxena.
658 330 706 341 -
724 309 872 362 trenno.
891 312 938 362 an
956 312 1036 364 con.
1055 302 1094 363 u⁰
1110 307 1235 364 ant-rs.
1292 290 1365 364 0245

129 496 284 568 signaretur
303 498 402 552 iratres
419 497 472 552 loci
492 499 617 553 orabant.
636 499 707 554 Casu
725 499 810 553 missa
827 498 998 553 matutinalis
1015 498 1153 568 agebatur.
1166 497 1227 565 Qua
1247 503 1367 568 peracta,

129 595 301 664 phylacterio
310 595 403 659 allato,
412 596 541 650 sacerdos
553 596 625 650 idem
636 598 683 666 qui
701 597 814 651 missam
827 596 1022 661 celebraverat,
1032 613 1095 650 eum
1105 597 1134 651 in
1147 613 1179 649 os
1188 596 1277 664 insani
1286 597 1368 666 depo·

130 694 178 753 nit,
187 699 216 747 et
227 694 320 747 statim
330 710 348 747 a
359 694 473 748 vesania
489 695 590 749 mentis
607 701 738 765 purgatus
751 700 800 749 est.
812 696 906 749 Hostis
923 695 1034 759 etenim,
1045 700 1127 749 tantae
1140 696 1292 763 majestatis
1301 712 1368 763 praa·

129 794 248 847 sentiam
259 793 331 846 ferre
340 809 397 847 non
406 794 552 859 sustinens,
563 800 591 848 et
600 800 742 864 tamquam
752 795 856 848 sermm
866 796 986 848 candens
995 809 1187 863 expavescens,
1198 794 1368 848 domicilium

93 901 114 951 5
129 892 204 961 quod
217 892 364 955 invaserat,
377 892 533 962 dereliquit;
545 893 694 963 statimque
706 896 847 947 interram
864 893 972 954 decidit,
989 897 1017 946 et
1035 893 1064 947 in
1082 910 1212 946 somnum
1232 893 1369 946 resolutus

130 994 181 1043 est.
191 990 294 1044 Postea
306 992 340 1044 nd
356 992 470 1066 domum
483 1009 567 1046 sanus
584 1010 646 1047 cum
664 993 721 1047 suis
739 994 826 1046 Deum
839 992 994 1061 glorificans
1012 1009 1139 1046 reversus
1156 998 1260 1046 estnec
1273 996 1369 1059 postea

130 1089 220 1144 bostis
237 1106 295 1153 aas,
313 1092 386 1160 quod
405 1091 508 1146 invitus
525 1098 553 1146 et
569 1097 679 1146 coactus
697 1093 853 1161 reliquerat,
872 1096 993 1160 repetere
1005 1108 1088 1145 ausus
1099 1095 1149 1145 est.
1160 1090 1216 1145 Nec
1228 1091 1294 1144 illud
1308 1090 1369 1145 reti·

130 1187 250 1241 cendum
262 1192 312 1249 est,
321 1188 397 1256 quod
406 1205 462 1242 nou
471 1193 527 1242 tam
538 1193 686 1257 praesentes
695 1206 780 1257 quam
789 1189 871 1243 etiam
882 1190 1009 1242 absentes
1020 1189 1250 1258 magnificentiam
1263 1187 1369 1242 virtutis

129 1285 218 1354 ipsius
230 1286 320 1340 dentis
332 1288 436 1356 experti
449 1293 520 1342 sunt.
533 1288 602 1342 Nam
615 1288 742 1357 quotiens
754 1289 907 1342 rernedium
920 1288 1016 1343 salutis
1026 1288 1048 1342 si
1061 1305 1123 1342 cum
1136 1289 1190 1342 fide
1204 1288 1313 1357 petitur,
1323 1304 1371 1357 per

78 1397 114 1447 ro
129 1382 222 1454 ipsum
240 1384 323 1440 facile
341 1386 493 1449 obtinetur;
511 1404 584 1456 aqua
603 1387 733 1441 intinctus
754 1387 797 1441 rel
819 1388 883 1441 vino
906 1387 1016 1441 ablutus
1037 1388 1060 1440 si
1081 1387 1273 1456 languentibus
1292 1388 1371 1455 potui

132 1483 220 1549 detur,
232 1489 261 1538 et
272 1502 304 1538 ea
318 1487 518 1554 perfundantur
530 1487 574 1540 vel
586 1487 771 1541 febricitantes
785 1488 879 1541 vinum
892 1488 936 1541 vel
954 1504 1055 1557 aquam
1067 1487 1194 1551 biberint,
1212 1492 1317 1540 certum
1330 1491 1372 1540 est

132 1582 200 1652 ipsis
211 1585 366 1638 remedium
378 1586 525 1654 provenire
542 1603 591 1656 per
608 1586 798 1640 intinctionem
818 1591 845 1639 ct
856 1591 952 1656 potum
965 1586 1084 1640 salubris
1096 1587 1218 1640 haustus
1233 1586 1298 1639 Haec
1310 1602 1373 1654 quae

132 1684 307 1737 narravimus
319 1686 418 1752 partim
431 1686 467 1738 ab
479 1686 698 1739 antecessoribus
716 1670 817 1739 nostris
835 1662 1000 1748 audiuimus,
1019 1685 1119 1755 partim
1137 1690 1285 1754 praesentes
1304 1684 1372 1738 vidi·
1465 1681 1467 1685 ’

132 1798 205 1846 mus,
222 1787 250 1836 et
269 1783 342 1837 sicut
362 1784 471 1838 virtutis
491 1785 550 1851 ejus
570 1784 801 1854 magnificentiam
822 1784 987 1848 audivimus,
1007 1784 1046 1837 sic
1067 1785 1151 1838 etiam
1172 1785 1282 1838 assidue
1299 1783 1372 1837 vide·

79 1890 115 1940 15
132 1896 206 1935 mus.

178 1978 234 2036 14.
254 1980 322 2048 Quae
341 1981 424 2034 etiam
444 1982 546 2035 nostris
564 1980 661 2035 diebus
679 1981 713 2033 ad
731 1981 841 2034 laudem
860 1986 888 2034 et
905 1980 1020 2048 gloriam
1040 1980 1160 2034 nominis
1179 1981 1221 2034 sui
1239 1982 1374 2035 Dominus

131 2078 214 2133 tosus
230 2078 337 2131 meritis
355 2077 506 2131 beatissimi
524 2091 603 2145 papae
621 2077 744 2145 Gregorii
756 2077 863 2145 operari
876 2077 1004 2145 <lignatus
1016 2081 1064 2135 est,
1082 2076 1190 2131 silentio
1203 2077 1374 2132 abscondere

133 2175 234 2230 tuturis
250 2174 394 2243 indiguum
412 2175 548 2228 duximus.
567 2174 691 2241 Quorum
710 2179 751 2227 tot
763 2190 833 2243 pene
844 2178 928 2226 testes
940 2178 1011 2236 sunt,
1027 2178 1096 2241 quot
1112 2173 1148 2226 ab
1159 2174 1239 2227 annis
1251 2174 1323 2227 XXX
1336 2175 1374 2241 (1)

133 2274 296 2341 superstites
305 2278 378 2325 sunt.
391 2274 460 2325 llum
472 2273 569 2325 beatus
578 2272 724 2340 Gregorius
738 2272 765 2324 in
783 2272 850 2325 urbe
863 2272 954 2324 ltoma
970 2272 1021 2323 sub
1034 2271 1144 2339 Pelagio
1157 2289 1229 2340 papa
1240 2273 1375 2326 archidia-

76 2384 114 2435 20
135 2376 253 2427 conatus
265 2373 432 2440 iungeretur,
443 2377 481 2435 ut,
493 2371 590 2440 quanti
602 2371 675 2440 apud
690 2372 779 2424 Deum
791 2371 882 2425 meriti
899 2376 978 2433 esset,
992 2371 1081 2439 palam
1095 2370 1180 2431 lieret,
1190 2371 1233 2424 vel
1245 2376 1275 2425 ut
1287 2388 1376 2426 corre·

134 2472 188 2526 ctis
200 2477 227 2525 et
238 2470 393 2525 emendatis
404 2488 454 2523 seu
463 2470 626 2538 justificatis,
639 2470 769 2523 defuncto
784 2486 863 2538 papa,
876 2487 939 2523 eum
957 2470 1090 2522 Dominus
1102 2471 1260 2539 preficeret,
1273 2470 1374 2524 Roma-

133 2587 202 2625 nam
212 2571 309 2624 urbem
322 2575 398 2639 peste
411 2569 563 2638 inguinaria
581 2569 721 2638 percussit.
739 2569 806 2635 Quae
824 2570 852 2622 in
872 2569 968 2638 vulgus
987 2570 1026 2622 ita
1044 2569 1163 2633 desaerit,
1181 2574 1213 2622 ut
1230 2569 1376 2623 subtractis

133 2669 340 2725 habitatoribus
357 2669 456 2723 domus
471 2667 595 2736 plurimae
614 2685 707 2721 vacuae
727 2675 909 2722 remanerent.
925 2669 978 2721 Sed
996 2674 1092 2721 orante
1111 2685 1144 2721 eo
1163 2669 1376 2733 adDonrinum,

534 2819 635 2872 Sanata
652 2824 694 2872 est
711 2820 789 2887 plebs
807 2820 935 2872 Romana

76 2930 114 2980 ιθ
535 2919 559 2971 Α
576 2923 652 2987 peste
669 2919 831 2987 inguinaria.

180 3064 239 3121 15.
261 3061 357 3116 Simile
373 3062 438 3115 huic
459 3062 569 3115 Domini
587 3062 759 3131 providentia
779 3061 893 3129 contigit
916 3061 943 3114 in
963 3058 1030 3114 urbe
1052 3062 1223 3126 Suessonica,
1243 3067 1272 3114 ut
1292 3078 1376 3130 quem

133 3162 274 3219 Dominus
290 3161 318 3214 in
336 3159 393 3213 rita
407 3158 615 3227 glorificaverat.
634 3164 746 3212 exutum
764 3176 880 3227 corpore
901 3159 927 3212 in
949 3160 1047 3212 eodem
1066 3159 1199 3212 miraculo
1220 3159 1375 3212 mirabilem

133 3261 245 3318 eunctis
256 3261 365 3321 laceret,
377 3265 405 3313 et
416 3259 517 3317 locum.
529 3260 558 3312 in
570 3276 626 3327 ‘1¹1⁰
639 3259 785 3327 requiescit
794 3276 916 3327 corpore.
930 3259 1073 3312 extolleret
1085 3259 1225 3327 signorum
1239 3259 1376 3326 rnagnitu·

134 3362 213 3417 diue.
223 3360 289 3430 Ejus
305 3360 379 3413 enim
396 3358 524 3427 precibus
535 3358 601 3411 urbs
613 3358 778 3411 Suessonica
795 3364 919 3412 constare
938 3358 1053 3420 videtur,
1066 3359 1143 3425 cujus
1159 3358 1281 3426 corporis
1298 3358 1377 3426 gleba

79 3472 114 3523 aa
133 3460 248 3515 laetatur
264 3462 292 3511 et
307 3456 505 3511 miraculorum
521 3455 605 3523 signis
623 3456 775 3519 refovetur;
795 3460 822 3508 ct
834 3456 964 3524 rrrroniam
977 3456 1084 3524 llagella
1098 3457 1145 3509 Dei
1163 3456 1328 3523 quibusdam
1342 3456 1377 3509 ad

135 3557 351 3627 correptionem,
370 3555 536 3625 quibusdam
559 3555 594 3607 ad
618 3555 878 3608 condemnationem
900 3556 1069 3624 contingunt.
1091 3561 1122 3608 ut
1139 3555 1186 3608 alii
1208 3556 1376 3623 resipiscant,

135 3658 186 3715 alii
216 3658 388 3719 damnentur,
415 3655 495 3724 juxta
519 3655 534 3686 *
558 3655 634 3723 quod
662 3654 792 3723 scriptum
823 3660 865 3707 est
890 3674 896 3707 :
928 3657 939 3679 ⁴
968 3654 1097 3721 Flagellat
1123 3655 1256 3708 Dominus
1290 3654 1378 3708 lilium

134 3774 225 3829 quern
237 3755 332 3827 recipit
343 3774 369 3821 ,ς
380 3754 529 3823 aliquando
542 3754 620 3822 plebs
631 3754 802 3819 Suessonica,
819 3754 905 3823 culpis
918 3754 1097 3823 exigentibus,
1113 3771 1130 3806 a
1142 3754 1261 3807 Domino
1274 3753 1378 3807 miscri-

135 3856 261 3913 corditer
280 3853 437 3925 percutitur.
457 3854 518 3919 Sed,
538 3853 785 3908 intervenientibus
806 3853 910 3906 meritis
929 3853 1001 3906 beati
1020 3853 1151 3921 Gregorii.
1172 3854 1216 3921 pie
1236 3870 1253 3905 a
1271 3853 1377 3921 flagello

10 3952 14 3959 '
80 3966 118 4017 ³5
135 3956 255 4017 eruitur,
266 3959 297 4007 ut
308 3954 342 4007 de
354 3968 388 4006 eo
399 3951 485 4005 libeat
496 3951 585 4005 dicere
603 3971 609 4005 :
629 3955 640 3976 ²
654 3952 753 4005 Factus
765 3957 807 4005 est
820 3951 1007 4005 reconciliatio
1020 3953 1048 4005 in
1061 3956 1185 4018 tempore
1198 3951 1376 4015 iracundiae,

136 4054 216 4110 Luca
224 4052 326 4106 etenim
335 4050 489 4119 inguinaria
501 4049 632 4103 divinitus
641 4049 790 4103 adveniens
804 4055 830 4102 et
843 4049 914 4102 ultra
926 4050 1038 4103 modum
1047 4048 1199 4102 ‹lesreviens
1210 4065 1280 4117 pene
1290 4048 1379 4101 omni-

137 4154 196 4209 bus
206 4150 304 4205 mortis
315 4148 456 4202 interitum
469 4146 634 4210 minabatur,
644 4152 674 4200 ut
686 4163 854 4215 unoquoque
867 4148 912 4201 die
925 4163 979 4199 non
999 4147 1054 4199 duo
1067 4146 1110 4200 rel
1123 4151 1186 4210 tres,
1199 4147 1246 4198 sed
1260 4146 1322 4199 deni
1336 4144 1380 4198 vel

135 4250 233 4307 viceni
241 4253 290 4303 aut
298 4247 403 4313 tticeni,
413 4247 462 4301 sed
474 4246 562 4301 multo
575 4247 669 4316 plures
680 4246 782 4314 pariter
794 4246 945 4310 interirent,
955 4262 1005 4299 nec
1018 4246 1134 4314 languor
1145 4249 1263 4298 mortem
1276 4261 1379 4313 praere·

134 4352 224 4413 niret,
242 4348 290 4403 sed
307 4345 446 4415 languoris
463 4362 555 4400 moras
572 4362 648 4400 mors
668 4345 726 4414 ipsa
743 4349 928 4414 praecurreret.
948 4344 1021 4412 Quid
1038 4349 1159 4413 agerent,
1177 4344 1340 4412 ignorabant
1353 4348 1380 4398 et

172 4514 214 4581 (1)
227 4510 296 4567 Cum
313 4511 400 4579 pestis
411 4508 457 4563 illa
473 4509 553 4563 anuis
573 4509 636 4562 1128
647 4513 674 4561 et
688 4509 752 4561 itta
770 4507 901 4561 accidisse
914 4508 1025 4570 seratur,
1037 4507 1175 4560 scribendi
1188 4507 1296 4562 initium
1316 4509 1381 4562 lecit

133 4600 344 4653 auetornoster
354 4608 428 4648 anno
440 4592 548 4646 circiter
558 4593 629 4655 1158,
647 4607 702 4645 non
716 4607 781 4644 vero
795 4591 867 4644 circa
880 4606 924 4643 an.
940 4592 1011 4653 1150,
1024 4596 1054 4643 ut
1067 4590 1178 4643 volebat
1189 4590 1380 4660 lldelplronsus

135 4681 246 4749 Vrayet
256 4676 390 4744 (Aetffl,
401 4681 469 4731 tom.
483 4674 509 4729 ll
521 4674 608 4739 biart,
618 4692 643 4743 p.
654 4675 721 4740 749).
