<?xml version="1.0" encoding="UTF-8"?>
<!DOCTYPE html PUBLIC "-//W3C//DTD XHTML 1.0 Transitional//EN"
    "http://www.w3.org/TR/xhtml1/DTD/xhtml1-transitional.dtd">
<html xmlns="http://www.w3.org/1999/xhtml" xml:lang="en" lang="en">
 <head>
  <title>
</title>
<meta http-equiv="Content-Type" content="text/html;charset=utf-8" />
  <meta name='ocr-system' content='tesseract 3.04.00' />
  <meta name='ocr-capabilities' content='ocr_page ocr_carea ocr_par ocr_line ocrx_word'/>
</head>
<body>
  <div class='ocr_page' id='page_1' title='image "./cataloguscodicu00belggoog_0135.png"; bbox 0 0 3270 5400; ppageno 0'>
   <div class='ocr_carea' id='block_1_1' title="bbox 212 356 1100 433">
    <p class='ocr_par' dir='ltr' id='par_1_1' title="bbox 212 356 1100 433">
     <span class='ocr_line' id='line_1_1' title="bbox 212 356 1100 433; baseline 0.005 -5"><span class='ocrx_word' id='word_1_1' title='bbox 212 356 280 428; x_wconf 84' lang='grc'><strong>116</strong></span> <span class='ocrx_word' id='word_1_2' title='bbox 543 378 670 432; x_wconf 76' lang='lat' dir='ltr'><strong>aaran.</strong></span> <span class='ocrx_word' id='word_1_3' title='bbox 695 380 799 432; x_wconf 86' lang='lat' dir='ltr'><strong>cono.</strong></span> <span class='ocrx_word' id='word_1_4' title='bbox 825 379 1100 433; x_wconf 80' lang='lat' dir='ltr'><strong>sacrocaarmc.</strong></span> 
     </span>
    </p>
   </div>
   <div class='ocr_carea' id='block_1_2' title="bbox 175 568 1511 4783">
    <p class='ocr_par' dir='ltr' id='par_1_2' title="bbox 208 568 1474 1334">
     <span class='ocr_line' id='line_1_2' title="bbox 209 568 1441 638; baseline 0.01 -19"><span class='ocrx_word' id='word_1_5' title='bbox 209 585 267 621; x_wconf 80' lang='lat' dir='ltr'><strong>rtem</strong></span> <span class='ocrx_word' id='word_1_6' title='bbox 277 578 374 621; x_wconf 82' lang='lat' dir='ltr'><strong>sanctie</strong></span> <span class='ocrx_word' id='word_1_7' title='bbox 383 570 436 622; x_wconf 89' lang='lat' dir='ltr'><strong>Dei</strong></span> <span class='ocrx_word' id='word_1_8' title='bbox 450 568 585 623; x_wconf 84' lang='lat' dir='ltr'><strong>Genitrici</strong></span> <span class='ocrx_word' id='word_1_9' title='bbox 595 572 714 635; x_wconf 74' lang='lat' dir='ltr'><strong>exhibui,</strong></span> <span class='ocrx_word' id='word_1_10' title='bbox 733 580 760 623; x_wconf 87' lang='lat' dir='ltr'><strong>at</strong></span> <span class='ocrx_word' id='word_1_11' title='bbox 772 573 896 624; x_wconf 73' lang='lat' dir='ltr'><strong>continue</strong></span> <span class='ocrx_word' id='word_1_12' title='bbox 907 589 1011 638; x_wconf 78' lang='lat' dir='ltr'><strong>seiirper</strong></span> <span class='ocrx_word' id='word_1_13' title='bbox 1022 589 1111 625; x_wconf 82' lang='lat' dir='ltr'><strong>aorem</strong></span> <span class='ocrx_word' id='word_1_14' title='bbox 1123 575 1248 628; x_wconf 82' lang='lat' dir='ltr'><strong>lectiones</strong></span> <span class='ocrx_word' id='word_1_15' title='bbox 1258 593 1319 628; x_wconf 84' lang='lat' dir='ltr'><strong>cum</strong></span> <span class='ocrx_word' id='word_1_16' title='bbox 1331 579 1441 631; x_wconf 82' lang='lat' dir='ltr'><strong>totidem</strong></span> 
     </span>
     <span class='ocr_line' id='line_1_3' title="bbox 209 671 1441 742; baseline 0.009 -24"><span class='ocrx_word' id='word_1_17' title='bbox 209 671 390 735; x_wconf 69' lang='lat' dir='ltr'><strong>respmaeoriie</strong></span> <span class='ocrx_word' id='word_1_18' title='bbox 407 677 432 721; x_wconf 88' lang='lat' dir='ltr'><strong>et</strong></span> <span class='ocrx_word' id='word_1_19' title='bbox 439 671 567 736; x_wconf 83' lang='lat' dir='ltr'><strong>psalmis,</strong></span> <span class='ocrx_word' id='word_1_20' title='bbox 578 672 626 723; x_wconf 79' lang='lat' dir='ltr'><strong>seri</strong></span> <span class='ocrx_word' id='word_1_21' title='bbox 637 678 661 723; x_wconf 86' lang='lat' dir='ltr'><strong>et</strong></span> <span class='ocrx_word' id='word_1_22' title='bbox 672 679 778 725; x_wconf 67' lang='lat' dir='ltr'><strong>macas</strong></span> <span class='ocrx_word' id='word_1_23' title='bbox 793 673 970 737; x_wconf 75' lang='lat' dir='ltr'><strong>sestiritotum</strong></span> <span class='ocrx_word' id='word_1_24' title='bbox 983 674 1043 739; x_wconf 78' lang='lat' dir='ltr'><strong>ejus</strong></span> <span class='ocrx_word' id='word_1_25' title='bbox 1059 681 1084 726; x_wconf 88' lang='lat' dir='ltr'><strong>et</strong></span> <span class='ocrx_word' id='word_1_26' title='bbox 1100 675 1197 727; x_wconf 82' lang='lat' dir='ltr'><strong>deinde</strong></span> <span class='ocrx_word' id='word_1_27' title='bbox 1212 677 1333 742; x_wconf 65' lang='lat' dir='ltr'><strong>sinuatis</strong></span> <span class='ocrx_word' id='word_1_28' title='bbox 1343 677 1441 730; x_wconf 75' lang='lat' dir='ltr'><strong>bebdo-</strong></span> 
     </span>
     <span class='ocr_line' id='line_1_4' title="bbox 209 768 1443 840; baseline 0.01 -23"><span class='ocrx_word' id='word_1_29' title='bbox 209 768 334 819; x_wconf 83' lang='lat' dir='ltr'><strong>madibus</strong></span> <span class='ocrx_word' id='word_1_30' title='bbox 345 785 402 820; x_wconf 87' lang='lat' dir='ltr'><strong>eam</strong></span> <span class='ocrx_word' id='word_1_31' title='bbox 419 770 529 834; x_wconf 76' lang='lat' dir='ltr'><strong>seriam,</strong></span> <span class='ocrx_word' id='word_1_32' title='bbox 541 786 600 836; x_wconf 77' lang='lat' dir='ltr'><strong>que</strong></span> <span class='ocrx_word' id='word_1_33' title='bbox 609 772 766 835; x_wconf 73' lang='lat' dir='ltr'><strong>foelicitatis</strong></span> <span class='ocrx_word' id='word_1_34' title='bbox 777 773 836 836; x_wconf 82' lang='lat' dir='ltr'><strong>ejus</strong></span> <span class='ocrx_word' id='word_1_35' title='bbox 847 780 914 835; x_wconf 85' lang='lat' dir='ltr'><strong>erat,</strong></span> <span class='ocrx_word' id='word_1_36' title='bbox 932 774 1019 824; x_wconf 86' lang='lat' dir='ltr'><strong>eodem</strong></span> <span class='ocrx_word' id='word_1_37' title='bbox 1037 774 1127 838; x_wconf 70' lang='lat' dir='ltr'><strong>officio</strong></span> <span class='ocrx_word' id='word_1_38' title='bbox 1144 775 1263 839; x_wconf 75' lang='lat' dir='ltr'><strong>ejusdem</strong></span> <span class='ocrx_word' id='word_1_39' title='bbox 1279 776 1443 840; x_wconf 80' lang='lat' dir='ltr'><strong>seetiritatx&#39;e</strong></span> 
     </span>
     <span class='ocr_line' id='line_1_5' title="bbox 208 867 1443 938; baseline 0.009 -21"><span class='ocrx_word' id='word_1_40' title='bbox 208 867 361 919; x_wconf 82' lang='lat' dir='ltr'><strong>solemniter</strong></span> <span class='ocrx_word' id='word_1_41' title='bbox 372 868 541 921; x_wconf 81' lang='lat' dir='ltr'><strong>celebrarem.</strong></span> <span class='ocrx_word' id='word_1_42' title='bbox 554 869 671 936; x_wconf 78' lang='lat' dir='ltr'><em>Itemque</em></span> <span class='ocrx_word' id='word_1_43' title='bbox 681 878 788 922; x_wconf 80' lang='lat' dir='ltr'><strong>octatas</strong></span> <span class='ocrx_word' id='word_1_44' title='bbox 808 872 949 923; x_wconf 79' lang='lat' dir='ltr'><strong>electorum</strong></span> <span class='ocrx_word' id='word_1_45' title='bbox 962 872 1030 922; x_wconf 85' lang='lat' dir='ltr'><strong>milii</strong></span> <span class='ocrx_word' id='word_1_46' title='bbox 1042 880 1207 938; x_wconf 74' lang='lat' dir='ltr'><strong>ennetmatm,</strong></span> <span class='ocrx_word' id='word_1_47' title='bbox 1219 874 1340 927; x_wconf 83' lang='lat' dir='ltr'><strong>videlieet</strong></span> <span class='ocrx_word' id='word_1_48' title='bbox 1351 878 1443 928; x_wconf 81' lang='lat' dir='ltr'><strong>saneti</strong></span> 
     </span>
     <span class='ocr_line' id='line_1_6' title="bbox 209 965 1474 1037; baseline 0.007 -21"><span class='ocrx_word' id='word_1_49' title='bbox 209 965 357 1027; x_wconf 76' lang='lat' dir='ltr'><strong>Michaelis,</strong></span> <span class='ocrx_word' id='word_1_50' title='bbox 368 967 506 1020; x_wconf 83' lang='lat' dir='ltr'><strong>Jobamiis</strong></span> <span class='ocrx_word' id='word_1_51' title='bbox 517 969 655 1035; x_wconf 72' lang='lat' dir='ltr'><strong>Baptista,</strong></span> <span class='ocrx_word' id='word_1_52' title='bbox 666 971 848 1037; x_wconf 83' lang='lat' dir='ltr'><strong>apostoloram</strong></span> <span class='ocrx_word' id='word_1_53' title='bbox 861 971 937 1021; x_wconf 79' lang='lat' dir='ltr'><strong>Petri</strong></span> <span class='ocrx_word' id='word_1_54' title='bbox 948 978 972 1022; x_wconf 88' lang='lat' dir='ltr'><strong>et</strong></span> <span class='ocrx_word' id='word_1_55' title='bbox 985 973 1074 1037; x_wconf 85' lang='lat' dir='ltr'><strong>Pauli,</strong></span> <span class='ocrx_word' id='word_1_56' title='bbox 1087 974 1210 1033; x_wconf 68' lang='lat' dir='ltr'><strong>Andros,</strong></span> <span class='ocrx_word' id='word_1_57' title='bbox 1222 975 1341 1025; x_wconf 84' lang='lat' dir='ltr'><strong>duorum</strong></span> <span class='ocrx_word' id='word_1_58' title='bbox 1358 975 1441 1027; x_wconf 87' lang='lat' dir='ltr'><strong>Jaco·</strong></span> <span class='ocrx_word' id='word_1_59' title='bbox 1458 978 1474 1025; x_wconf 81' lang='lat' dir='ltr'><strong>ii</strong></span> 
     </span>
     <span class='ocr_line' id='line_1_7' title="bbox 208 1063 1442 1137; baseline 0.007 -22"><span class='ocrx_word' id='word_1_60' title='bbox 208 1063 310 1126; x_wconf 83' lang='lat' dir='ltr'><strong>borum,</strong></span> <span class='ocrx_word' id='word_1_61' title='bbox 322 1065 459 1118; x_wconf 80' lang='lat' dir='ltr'><strong>Joliaaais</strong></span> <span class='ocrx_word' id='word_1_62' title='bbox 471 1070 635 1133; x_wconf 72' lang='lat' dir='ltr'><strong>eeaaqelists</strong></span> <span class='ocrx_word' id='word_1_63' title='bbox 645 1077 669 1120; x_wconf 89' lang='lat' dir='ltr'><strong>et</strong></span> <span class='ocrx_word' id='word_1_64' title='bbox 680 1076 836 1120; x_wconf 79' lang='lat' dir='ltr'><strong>sarictoram</strong></span> <span class='ocrx_word' id='word_1_65' title='bbox 855 1078 1008 1137; x_wconf 78' lang='lat' dir='ltr'><strong>rrirrrtyram</strong></span> <span class='ocrx_word' id='word_1_66' title='bbox 1026 1071 1126 1136; x_wconf 81' lang='lat' dir='ltr'><strong>Blasii,</strong></span> <span class='ocrx_word' id='word_1_67' title='bbox 1136 1072 1283 1125; x_wconf 79' lang='lat' dir='ltr'><strong>Eustachii</strong></span> <span class='ocrx_word' id='word_1_68' title='bbox 1293 1076 1442 1126; x_wconf 83' lang='lat' dir='ltr'><strong>sociorum·</strong></span> 
     </span>
     <span class='ocr_line' id='line_1_8' title="bbox 208 1164 1444 1237; baseline 0.011 -24"><span class='ocrx_word' id='word_1_69' title='bbox 208 1179 258 1229; x_wconf 83' lang='lat' dir='ltr'><strong>que</strong></span> <span class='ocrx_word' id='word_1_70' title='bbox 269 1164 329 1227; x_wconf 76' lang='lat' dir='ltr'><strong>ejice</strong></span> <span class='ocrx_word' id='word_1_71' title='bbox 349 1172 371 1217; x_wconf 84' lang='lat' dir='ltr'><strong>et</strong></span> <span class='ocrx_word' id='word_1_72' title='bbox 389 1173 543 1217; x_wconf 73' lang='lat' dir='ltr'><strong>summram</strong></span> <span class='ocrx_word' id='word_1_73' title='bbox 561 1169 718 1234; x_wconf 78' lang='lat' dir='ltr'><strong>pontificum</strong></span> <span class='ocrx_word' id='word_1_74' title='bbox 735 1169 854 1219; x_wconf 81' lang='lat' dir='ltr'><strong>Martini</strong></span> <span class='ocrx_word' id='word_1_75' title='bbox 873 1175 897 1219; x_wconf 90' lang='lat' dir='ltr'><strong>et</strong></span> <span class='ocrx_word' id='word_1_76' title='bbox 918 1168 1034 1233; x_wconf 81' lang='lat' dir='ltr'><strong>Nicolai,</strong></span> <span class='ocrx_word' id='word_1_77' title='bbox 1051 1171 1139 1223; x_wconf 82' lang='lat' dir='ltr'><strong>decote</strong></span> <span class='ocrx_word' id='word_1_78' title='bbox 1158 1172 1322 1225; x_wconf 69' lang='lat' dir='ltr'><em>solemnibus</em></span> <span class='ocrx_word' id='word_1_79' title='bbox 1340 1173 1444 1237; x_wconf 73' lang='lat' dir='ltr'><strong>officiis</strong></span> 
     </span>
     <span class='ocr_line' id='line_1_9' title="bbox 208 1263 956 1334; baseline 0.009 -21"><span class='ocrx_word' id='word_1_80' title='bbox 208 1264 363 1329; x_wconf 75' lang='lat' dir='ltr'><strong>exequetur,</strong></span> <span class='ocrx_word' id='word_1_81' title='bbox 377 1263 440 1316; x_wconf 84' lang='lat' dir='ltr'><strong>Haec</strong></span> <span class='ocrx_word' id='word_1_82' title='bbox 450 1266 633 1319; x_wconf 71' lang='lat' dir='ltr'><strong>aemulationis</strong></span> <span class='ocrx_word' id='word_1_83' title='bbox 643 1283 724 1318; x_wconf 89' lang='lat' dir='ltr'><strong>causa</strong></span> <span class='ocrx_word' id='word_1_84' title='bbox 734 1267 773 1319; x_wconf 89' lang='lat' dir='ltr'><strong>eis</strong></span> <span class='ocrx_word' id='word_1_85' title='bbox 786 1267 956 1334; x_wconf 74' lang='lat' dir='ltr'><strong>praelerebat.</strong></span> 
     </span>
    </p>

    <p class='ocr_par' dir='ltr' id='par_1_3' title="bbox 207 1358 1494 2122">
     <span class='ocr_line' id='line_1_10' title="bbox 248 1358 1442 1434; baseline 0.005 -18"><span class='ocrx_word' id='word_1_86' title='bbox 248 1358 307 1418; x_wconf 80' lang='grc'><strong>26.</strong></span> <span class='ocrx_word' id='word_1_87' title='bbox 327 1362 433 1415; x_wconf 89' lang='lat' dir='ltr'><strong>laterea</strong></span> <span class='ocrx_word' id='word_1_88' title='bbox 445 1364 571 1431; x_wconf 73' lang='lat' dir='ltr'><strong>quasdam</strong></span> <span class='ocrx_word' id='word_1_89' title='bbox 584 1380 718 1426; x_wconf 90' lang='lat' dir='ltr'><strong>sororum,</strong></span> <span class='ocrx_word' id='word_1_90' title='bbox 731 1365 843 1418; x_wconf 91' lang='lat' dir='ltr'><strong>nomine</strong></span> <span class='ocrx_word' id='word_1_91' title='bbox 852 1364 1022 1427; x_wconf 86' lang='lat' dir='ltr'><strong>Gerthrudis,</strong></span> <span class='ocrx_word' id='word_1_92' title='bbox 1032 1366 1153 1434; x_wconf 75' lang='lat' dir='ltr'><strong>ingressa</strong></span> <span class='ocrx_word' id='word_1_93' title='bbox 1165 1371 1192 1419; x_wconf 88' lang='lat' dir='ltr'><strong>et</strong></span> <span class='ocrx_word' id='word_1_94' title='bbox 1204 1383 1237 1421; x_wconf 87' lang='lat' dir='ltr'><strong>ex</strong></span> <span class='ocrx_word' id='word_1_95' title='bbox 1249 1366 1325 1420; x_wconf 78' lang='lat' dir='ltr'><strong>vocis</strong></span> <span class='ocrx_word' id='word_1_96' title='bbox 1338 1368 1442 1423; x_wconf 90' lang='lat' dir='ltr'><strong>indicio</strong></span> 
     </span>
     <span class='ocr_line' id='line_1_11' title="bbox 207 1460 1493 1531; baseline 0.005 -19"><span class='ocrx_word' id='word_1_97' title='bbox 207 1460 243 1513; x_wconf 91' lang='lat' dir='ltr'><strong>ab</strong></span> <span class='ocrx_word' id='word_1_98' title='bbox 253 1476 286 1512; x_wconf 90' lang='lat' dir='ltr'><strong>eo</strong></span> <span class='ocrx_word' id='word_1_99' title='bbox 296 1460 411 1529; x_wconf 75' lang='lat' dir='ltr'><strong>cognita.</strong></span> <span class='ocrx_word' id='word_1_100' title='bbox 422 1460 464 1513; x_wconf 91' lang='lat' dir='ltr'><strong>bis</strong></span> <span class='ocrx_word' id='word_1_101' title='bbox 476 1460 592 1528; x_wconf 89' lang='lat' dir='ltr'><strong>repetito</strong></span> <span class='ocrx_word' id='word_1_102' title='bbox 604 1460 716 1514; x_wconf 91' lang='lat' dir='ltr'><strong>nomine</strong></span> <span class='ocrx_word' id='word_1_103' title='bbox 728 1460 869 1529; x_wconf 88' lang='lat' dir='ltr'><strong>appellans</strong></span> <span class='ocrx_word' id='word_1_104' title='bbox 881 1477 942 1514; x_wconf 90' lang='lat' dir='ltr'><strong>eam</strong></span> <span class='ocrx_word' id='word_1_105' title='bbox 955 1462 1009 1515; x_wconf 89' lang='lat' dir='ltr'><strong>ait:</strong></span> <span class='ocrx_word' id='word_1_106' title='bbox 1022 1464 1053 1516; x_wconf 90' lang='lat' dir='ltr'><strong>Si</strong></span> <span class='ocrx_word' id='word_1_107' title='bbox 1064 1480 1140 1516; x_wconf 81' lang='lat' dir='ltr'><strong>nosse</strong></span> <span class='ocrx_word' id='word_1_108' title='bbox 1147 1481 1240 1530; x_wconf 82' lang='lat' dir='ltr'><strong>posses</strong></span> <span class='ocrx_word' id='word_1_109' title='bbox 1251 1467 1324 1531; x_wconf 82' lang='lat' dir='ltr'><strong>quod</strong></span> <span class='ocrx_word' id='word_1_110' title='bbox 1337 1469 1445 1519; x_wconf 67' lang='lat' dir='ltr'><strong>notiam</strong></span> <span class='ocrx_word' id='word_1_111' title='bbox 1463 1471 1493 1519; x_wconf 80' lang='lat' dir='ltr'><strong>to</strong></span> 
     </span>
     <span class='ocr_line' id='line_1_12' title="bbox 207 1559 1444 1632; baseline 0.005 -21"><span class='ocrx_word' id='word_1_112' title='bbox 207 1576 268 1613; x_wconf 78' lang='lat' dir='ltr'><strong>eirea</strong></span> <span class='ocrx_word' id='word_1_113' title='bbox 279 1562 311 1612; x_wconf 87' lang='lat' dir='ltr'><strong>de</strong></span> <span class='ocrx_word' id='word_1_114' title='bbox 319 1568 343 1612; x_wconf 91' lang='lat' dir='ltr'><strong>te</strong></span> <span class='ocrx_word' id='word_1_115' title='bbox 361 1563 522 1626; x_wconf 82' lang='lat' dir='ltr'><strong>impressam</strong></span> <span class='ocrx_word' id='word_1_116' title='bbox 534 1569 580 1623; x_wconf 87' lang='lat' dir='ltr'><strong>est,</strong></span> <span class='ocrx_word' id='word_1_117' title='bbox 589 1564 696 1613; x_wconf 68' lang='lat' dir='ltr'><strong>cletitius</strong></span> <span class='ocrx_word' id='word_1_118' title='bbox 708 1568 731 1613; x_wconf 86' lang='lat' dir='ltr'><strong>te</strong></span> <span class='ocrx_word' id='word_1_119' title='bbox 748 1578 849 1624; x_wconf 75' lang='lat' dir='ltr'><strong>operes.</strong></span> <span class='ocrx_word' id='word_1_120' title='bbox 867 1559 947 1627; x_wconf 88' lang='lat' dir='ltr'><strong>Quod</strong></span> <span class='ocrx_word' id='word_1_121' title='bbox 965 1562 998 1614; x_wconf 93' lang='lat' dir='ltr'><strong>de</strong></span> <span class='ocrx_word' id='word_1_122' title='bbox 1011 1562 1127 1615; x_wconf 89' lang='lat' dir='ltr'><strong>transitu</strong></span> <span class='ocrx_word' id='word_1_123' title='bbox 1139 1563 1198 1630; x_wconf 84' lang='lat' dir='ltr'><strong>ejus</strong></span> <span class='ocrx_word' id='word_1_124' title='bbox 1211 1579 1275 1616; x_wconf 90' lang='lat' dir='ltr'><strong>eum</strong></span> <span class='ocrx_word' id='word_1_125' title='bbox 1294 1564 1444 1632; x_wconf 84' lang='lat' dir='ltr'><strong>protulisse</strong></span> 
     </span>
     <span class='ocr_line' id='line_1_13' title="bbox 207 1658 1444 1728; baseline 0.006 -17"><span class='ocrx_word' id='word_1_126' title='bbox 207 1659 311 1721; x_wconf 90' lang='lat' dir='ltr'><strong>claruit,</strong></span> <span class='ocrx_word' id='word_1_127' title='bbox 321 1658 385 1728; x_wconf 91' lang='lat' dir='ltr'><strong>quia</strong></span> <span class='ocrx_word' id='word_1_128' title='bbox 396 1675 428 1712; x_wconf 88' lang='lat' dir='ltr'><strong>ea</strong></span> <span class='ocrx_word' id='word_1_129' title='bbox 439 1664 501 1727; x_wconf 90' lang='lat' dir='ltr'><strong>post</strong></span> <span class='ocrx_word' id='word_1_130' title='bbox 513 1658 654 1726; x_wconf 89' lang='lat' dir='ltr'><strong>paululum</strong></span> <span class='ocrx_word' id='word_1_131' title='bbox 665 1658 804 1726; x_wconf 90' lang='lat' dir='ltr'><strong>temporis,</strong></span> <span class='ocrx_word' id='word_1_132' title='bbox 813 1659 931 1726; x_wconf 89' lang='lat' dir='ltr'><strong>septimo</strong></span> <span class='ocrx_word' id='word_1_133' title='bbox 943 1659 1074 1713; x_wconf 83' lang='lat' dir='ltr'>kalendas</span> <span class='ocrx_word' id='word_1_134' title='bbox 1085 1659 1182 1725; x_wconf 80' lang='lat' dir='ltr'><strong>Martii,</strong></span> <span class='ocrx_word' id='word_1_135' title='bbox 1192 1660 1269 1714; x_wconf 90' lang='lat' dir='ltr'><strong>obiit.</strong></span> <span class='ocrx_word' id='word_1_136' title='bbox 1281 1661 1444 1718; x_wconf 69' lang='lat' dir='ltr'><strong>sciscitatus</strong></span> 
     </span>
     <span class='ocr_line' id='line_1_14' title="bbox 208 1755 1444 1828; baseline 0.006 -20"><span class='ocrx_word' id='word_1_137' title='bbox 208 1756 328 1810; x_wconf 80' lang='lat' dir='ltr'><strong>veroubi</strong></span> <span class='ocrx_word' id='word_1_138' title='bbox 344 1756 452 1825; x_wconf 89' lang='lat' dir='ltr'><strong>sepeliri</strong></span> <span class='ocrx_word' id='word_1_139' title='bbox 464 1756 619 1817; x_wconf 84' lang='lat' dir='ltr'><strong>vellet‚n0n</strong></span> <span class='ocrx_word' id='word_1_140' title='bbox 636 1755 687 1808; x_wconf 90' lang='lat' dir='ltr'><strong>sibi</strong></span> <span class='ocrx_word' id='word_1_141' title='bbox 706 1772 777 1808; x_wconf 78' lang='lat' dir='ltr'><strong>cura</strong></span> <span class='ocrx_word' id='word_1_142' title='bbox 796 1757 854 1809; x_wconf 84' lang='lat' dir='ltr'><strong>iore</strong></span> <span class='ocrx_word' id='word_1_143' title='bbox 872 1756 919 1809; x_wconf 93' lang='lat' dir='ltr'><strong>ubi</strong></span> <span class='ocrx_word' id='word_1_144' title='bbox 937 1756 983 1810; x_wconf 86' lang='lat' dir='ltr'><strong>ait.</strong></span> <span class='ocrx_word' id='word_1_145' title='bbox 996 1757 1034 1810; x_wconf 86' lang='lat' dir='ltr'><strong>De</strong></span> <span class='ocrx_word' id='word_1_146' title='bbox 1052 1758 1165 1825; x_wconf 78' lang='lat' dir='ltr'><strong>privatis</strong></span> <span class='ocrx_word' id='word_1_147' title='bbox 1182 1764 1275 1812; x_wconf 85' lang='lat' dir='ltr'><strong>autem</strong></span> <span class='ocrx_word' id='word_1_148' title='bbox 1289 1761 1444 1828; x_wconf 88' lang='lat' dir='ltr'><strong>quamdam</strong></span> 
     </span>
     <span class='ocr_line' id='line_1_15' title="bbox 207 1846 1445 1924; baseline 0.005 -16"><span class='ocrx_word' id='word_1_149' title='bbox 207 1856 331 1917; x_wconf 88' lang='lat' dir='ltr'><strong>ascitam,</strong></span> <span class='ocrx_word' id='word_1_150' title='bbox 341 1856 416 1923; x_wconf 90' lang='lat' dir='ltr'><strong>quod</strong></span> <span class='ocrx_word' id='word_1_151' title='bbox 425 1855 568 1923; x_wconf 91' lang='lat' dir='ltr'><strong>ponendus</strong></span> <span class='ocrx_word' id='word_1_152' title='bbox 581 1856 651 1908; x_wconf 84' lang='lat' dir='ltr'><strong>soret</strong></span> <span class='ocrx_word' id='word_1_153' title='bbox 668 1859 732 1906; x_wconf 88' lang='lat' dir='ltr'><strong>ante</strong></span> <span class='ocrx_word' id='word_1_154' title='bbox 751 1846 840 1922; x_wconf 85' lang='lat' dir='ltr'><strong>majus</strong></span> <span class='ocrx_word' id='word_1_155' title='bbox 851 1854 937 1907; x_wconf 89' lang='lat' dir='ltr'><strong>altare</strong></span> <span class='ocrx_word' id='word_1_156' title='bbox 946 1854 984 1907; x_wconf 91' lang='lat' dir='ltr'><strong>sic</strong></span> <span class='ocrx_word' id='word_1_157' title='bbox 996 1855 1134 1917; x_wconf 81' lang='lat' dir='ltr'><strong>indicavit,</strong></span> <span class='ocrx_word' id='word_1_158' title='bbox 1143 1856 1274 1924; x_wconf 76' lang='lat' dir='ltr'><strong>quatinus</strong></span> <span class='ocrx_word' id='word_1_159' title='bbox 1286 1858 1357 1912; x_wconf 88' lang='lat' dir='ltr'><strong>clam</strong></span> <span class='ocrx_word' id='word_1_160' title='bbox 1370 1859 1445 1914; x_wconf 84' lang='lat' dir='ltr'><strong>toret</strong></span> 
     </span>
     <span class='ocr_line' id='line_1_16' title="bbox 207 1953 1494 2026; baseline 0.004 -20"><span class='ocrx_word' id='word_1_161' title='bbox 207 1954 339 2022; x_wconf 81' lang='lat' dir='ltr'><strong>quamdiu</strong></span> <span class='ocrx_word' id='word_1_162' title='bbox 353 1954 463 2007; x_wconf 77' lang='lat' dir='ltr'><strong>viveret.</strong></span> <span class='ocrx_word' id='word_1_163' title='bbox 475 1954 529 2007; x_wconf 87' lang='lat' dir='ltr'><strong>Sed</strong></span> <span class='ocrx_word' id='word_1_164' title='bbox 546 1959 574 2008; x_wconf 88' lang='lat' dir='ltr'><strong>et</strong></span> <span class='ocrx_word' id='word_1_165' title='bbox 591 1954 724 2007; x_wconf 90' lang='lat' dir='ltr'><strong>domnum</strong></span> <span class='ocrx_word' id='word_1_166' title='bbox 737 1953 866 2015; x_wconf 85' lang='lat' dir='ltr'><strong>Elierum,</strong></span> <span class='ocrx_word' id='word_1_167' title='bbox 884 1954 962 2021; x_wconf 84' lang='lat' dir='ltr'><strong>cujus</strong></span> <span class='ocrx_word' id='word_1_168' title='bbox 980 1953 1037 2022; x_wconf 91' lang='lat' dir='ltr'><strong>ipse</strong></span> <span class='ocrx_word' id='word_1_169' title='bbox 1054 1955 1158 2022; x_wconf 84' lang='lat' dir='ltr'><strong>pridem</strong></span> <span class='ocrx_word' id='word_1_170' title='bbox 1176 1960 1327 2026; x_wconf 89' lang='lat' dir='ltr'><strong>utcumque</strong></span> <span class='ocrx_word' id='word_1_171' title='bbox 1345 1960 1444 2013; x_wconf 88' lang='lat' dir='ltr'><strong>merai-</strong></span> <span class='ocrx_word' id='word_1_172' title='bbox 1463 1963 1494 2011; x_wconf 75' lang='lat' dir='ltr'><strong>tt</strong></span> 
     </span>
     <span class='ocr_line' id='line_1_17' title="bbox 208 2052 1368 2122; baseline 0.002 -14"><span class='ocrx_word' id='word_1_173' title='bbox 208 2058 294 2117; x_wconf 86' lang='lat' dir='ltr'><strong>uerat,</strong></span> <span class='ocrx_word' id='word_1_174' title='bbox 307 2053 383 2106; x_wconf 89' lang='lat' dir='ltr'><strong>omni</strong></span> <span class='ocrx_word' id='word_1_175' title='bbox 394 2069 493 2122; x_wconf 70' lang='lat' dir='ltr'><strong>genere</strong></span> <span class='ocrx_word' id='word_1_176' title='bbox 502 2070 558 2106; x_wconf 85' lang='lat' dir='ltr'><strong>suae</strong></span> <span class='ocrx_word' id='word_1_177' title='bbox 569 2053 716 2121; x_wconf 77' lang='lat' dir='ltr'><strong>sepulturae</strong></span> <span class='ocrx_word' id='word_1_178' title='bbox 729 2053 833 2121; x_wconf 84' lang='lat' dir='ltr'><strong>absque</strong></span> <span class='ocrx_word' id='word_1_179' title='bbox 845 2052 1020 2106; x_wconf 84' lang='lat' dir='ltr'><strong>cunctatione</strong></span> <span class='ocrx_word' id='word_1_180' title='bbox 1032 2054 1181 2107; x_wconf 76' lang='lat' dir='ltr'><strong>affuturum</strong></span> <span class='ocrx_word' id='word_1_181' title='bbox 1195 2055 1368 2122; x_wconf 73' lang='lat' dir='ltr'><strong>praedixerat.</strong></span> 
     </span>
    </p>

    <p class='ocr_par' dir='ltr' id='par_1_4' title="bbox 175 2149 1493 3005">
     <span class='ocr_line' id='line_1_18' title="bbox 250 2149 1445 2220; baseline -0.001 -9"><span class='ocrx_word' id='word_1_182' title='bbox 250 2151 309 2210; x_wconf 79' lang='lat'><strong>27.</strong></span> <span class='ocrx_word' id='word_1_183' title='bbox 333 2151 511 2207; x_wconf 84' lang='lat' dir='ltr'><strong>Extremitate</strong></span> <span class='ocrx_word' id='word_1_184' title='bbox 522 2150 640 2217; x_wconf 83' lang='lat' dir='ltr'><strong>‹lerrique</strong></span> <span class='ocrx_word' id='word_1_185' title='bbox 655 2149 707 2202; x_wconf 89' lang='lat' dir='ltr'><strong>diei</strong></span> <span class='ocrx_word' id='word_1_186' title='bbox 718 2150 774 2217; x_wconf 86' lang='lat' dir='ltr'><strong>jam</strong></span> <span class='ocrx_word' id='word_1_187' title='bbox 793 2166 863 2218; x_wconf 91' lang='lat' dir='ltr'><strong>pene</strong></span> <span class='ocrx_word' id='word_1_188' title='bbox 879 2156 1054 2219; x_wconf 81' lang='lat' dir='ltr'><strong>transgressa,</strong></span> <span class='ocrx_word' id='word_1_189' title='bbox 1067 2150 1131 2219; x_wconf 90' lang='lat' dir='ltr'><strong>quia</strong></span> <span class='ocrx_word' id='word_1_190' title='bbox 1149 2153 1339 2220; x_wconf 87' lang='lat' dir='ltr'><strong>crepusculum</strong></span> <span class='ocrx_word' id='word_1_191' title='bbox 1352 2157 1445 2210; x_wconf 89' lang='lat' dir='ltr'><strong>noctis</strong></span> 
     </span>
     <span class='ocr_line' id='line_1_19' title="bbox 208 2247 1445 2320; baseline 0 -14"><span class='ocrx_word' id='word_1_192' title='bbox 208 2252 328 2307; x_wconf 82' lang='lat' dir='ltr'><strong>exordiri</strong></span> <span class='ocrx_word' id='word_1_193' title='bbox 345 2250 434 2318; x_wconf 86' lang='lat' dir='ltr'><strong>coepit,</strong></span> <span class='ocrx_word' id='word_1_194' title='bbox 446 2250 554 2302; x_wconf 77' lang='lat' dir='ltr'><strong>domnae</strong></span> <span class='ocrx_word' id='word_1_195' title='bbox 575 2247 710 2316; x_wconf 72' lang='lat' dir='ltr'><strong>priorissa</strong></span> <span class='ocrx_word' id='word_1_196' title='bbox 722 2247 801 2300; x_wconf 79' lang='lat' dir='ltr'><strong>Gislte</strong></span> <span class='ocrx_word' id='word_1_197' title='bbox 812 2248 850 2300; x_wconf 89' lang='lat' dir='ltr'><strong>ait</strong></span> <span class='ocrx_word' id='word_1_198' title='bbox 867 2268 873 2301; x_wconf 88' lang='lat'>:</span> <span class='ocrx_word' id='word_1_199' title='bbox 891 2250 998 2301; x_wconf 83' lang='lat' dir='ltr'><strong>Utinam</strong></span> <span class='ocrx_word' id='word_1_200' title='bbox 1017 2251 1111 2302; x_wconf 75' lang='lat' dir='ltr'><strong>datiani</strong></span> <span class='ocrx_word' id='word_1_201' title='bbox 1128 2253 1216 2302; x_wconf 79' lang='lat' dir='ltr'><strong>riostri</strong></span> <span class='ocrx_word' id='word_1_202' title='bbox 1228 2254 1359 2319; x_wconf 71' lang='lat' dir='ltr'><strong>presulis</strong></span> <span class='ocrx_word' id='word_1_203' title='bbox 1373 2268 1445 2320; x_wconf 72' lang='lat' dir='ltr'><strong>pru-</strong></span> 
     </span>
     <span class='ocr_line' id='line_1_20' title="bbox 208 2347 1446 2416; baseline 0 -11"><span class='ocrx_word' id='word_1_204' title='bbox 208 2355 323 2406; x_wconf 82' lang='lat' dir='ltr'><strong>seatiam</strong></span> <span class='ocrx_word' id='word_1_205' title='bbox 343 2352 535 2404; x_wconf 70' lang='lat' dir='ltr'><strong>obtinuissem!</strong></span> <span class='ocrx_word' id='word_1_206' title='bbox 556 2347 623 2414; x_wconf 76' lang='lat' dir='ltr'><strong>Quas</strong></span> <span class='ocrx_word' id='word_1_207' title='bbox 651 2347 827 2414; x_wconf 85' lang='lat' dir='ltr'><strong>respondens,</strong></span> <span class='ocrx_word' id='word_1_208' title='bbox 847 2347 881 2399; x_wconf 92' lang='lat' dir='ltr'><strong>ad</strong></span> <span class='ocrx_word' id='word_1_209' title='bbox 905 2347 970 2416; x_wconf 91' lang='lat' dir='ltr'><strong>quid</strong></span> <span class='ocrx_word' id='word_1_210' title='bbox 992 2352 1136 2416; x_wconf 82' lang='lat' dir='ltr'><strong>tantopere</strong></span> <span class='ocrx_word' id='word_1_211' title='bbox 1159 2349 1249 2416; x_wconf 90' lang='lat' dir='ltr'><strong>ipsum</strong></span> <span class='ocrx_word' id='word_1_212' title='bbox 1274 2349 1446 2405; x_wconf 81' lang='lat' dir='ltr'><strong>desideraret</strong></span> 
     </span>
     <span class='ocr_line' id='line_1_21' title="bbox 209 2444 1493 2516; baseline 0.001 -14"><span class='ocrx_word' id='word_1_213' title='bbox 209 2448 357 2516; x_wconf 80' lang='lat' dir='ltr'><strong>inquisivit.</strong></span> <span class='ocrx_word' id='word_1_214' title='bbox 374 2448 437 2515; x_wconf 89' lang='lat' dir='ltr'><strong>lpse</strong></span> <span class='ocrx_word' id='word_1_215' title='bbox 454 2462 519 2499; x_wconf 80' lang='lat' dir='ltr'><strong>vero</strong></span> <span class='ocrx_word' id='word_1_216' title='bbox 531 2462 580 2514; x_wconf 90' lang='lat' dir='ltr'><strong>pro</strong></span> <span class='ocrx_word' id='word_1_217' title='bbox 599 2460 671 2497; x_wconf 86' lang='lat' dir='ltr'><strong>noxa</strong></span> <span class='ocrx_word' id='word_1_218' title='bbox 689 2444 880 2498; x_wconf 77' lang='lat' dir='ltr'><strong>inobedientia</strong></span> <span class='ocrx_word' id='word_1_219' title='bbox 897 2450 929 2498; x_wconf 92' lang='lat' dir='ltr'><strong>ut</strong></span> <span class='ocrx_word' id='word_1_220' title='bbox 945 2446 1131 2513; x_wconf 79' lang='lat' dir='ltr'><strong>praescriptum</strong></span> <span class='ocrx_word' id='word_1_221' title='bbox 1150 2450 1193 2498; x_wconf 90' lang='lat' dir='ltr'><strong>est</strong></span> <span class='ocrx_word' id='word_1_222' title='bbox 1210 2462 1239 2498; x_wconf 90' lang='lat' dir='ltr'><strong>se</strong></span> <span class='ocrx_word' id='word_1_223' title='bbox 1259 2462 1315 2499; x_wconf 89' lang='lat' dir='ltr'><strong>non</strong></span> <span class='ocrx_word' id='word_1_224' title='bbox 1332 2447 1444 2500; x_wconf 88' lang='lat' dir='ltr'><strong>modice</strong></span> <span class='ocrx_word' id='word_1_225' title='bbox 1464 2454 1493 2504; x_wconf 77' lang='lat'><strong>2⁰</strong></span> 
     </span>
     <span class='ocr_line' id='line_1_22' title="bbox 207 2542 1443 2614; baseline -0.001 -13"><span class='ocrx_word' id='word_1_226' title='bbox 207 2547 383 2601; x_wconf 88' lang='lat' dir='ltr'><strong>sollicitatum</strong></span> <span class='ocrx_word' id='word_1_227' title='bbox 399 2546 425 2598; x_wconf 93' lang='lat' dir='ltr'><strong>id</strong></span> <span class='ocrx_word' id='word_1_228' title='bbox 446 2544 547 2598; x_wconf 76' lang='lat' dir='ltr'><strong>dixisse</strong></span> <span class='ocrx_word' id='word_1_229' title='bbox 564 2544 688 2597; x_wconf 89' lang='lat' dir='ltr'><strong>asseruit.</strong></span> <span class='ocrx_word' id='word_1_230' title='bbox 709 2542 770 2610; x_wconf 88' lang='lat' dir='ltr'><strong>Qua</strong></span> <span class='ocrx_word' id='word_1_231' title='bbox 786 2544 969 2612; x_wconf 83' lang='lat' dir='ltr'><strong>respondente</strong></span> <span class='ocrx_word' id='word_1_232' title='bbox 986 2543 1109 2611; x_wconf 77' lang='lat' dir='ltr'><strong>ignotum</strong></span> <span class='ocrx_word' id='word_1_233' title='bbox 1127 2543 1179 2597; x_wconf 90' lang='lat' dir='ltr'><strong>sibi</strong></span> <span class='ocrx_word' id='word_1_234' title='bbox 1198 2561 1258 2598; x_wconf 88' lang='lat' dir='ltr'><strong>esse</strong></span> <span class='ocrx_word' id='word_1_235' title='bbox 1276 2545 1323 2599; x_wconf 86' lang='lat' dir='ltr'><strong>ubi</strong></span> <span class='ocrx_word' id='word_1_236' title='bbox 1342 2545 1443 2614; x_wconf 74' lang='lat' dir='ltr'><strong>praesul</strong></span> 
     </span>
     <span class='ocr_line' id='line_1_23' title="bbox 209 2642 1445 2714; baseline 0.001 -16"><span class='ocrx_word' id='word_1_237' title='bbox 209 2646 287 2709; x_wconf 82' lang='lat' dir='ltr'><strong>toret,</strong></span> <span class='ocrx_word' id='word_1_238' title='bbox 300 2646 357 2714; x_wconf 86' lang='lat' dir='ltr'><strong>ipse</strong></span> <span class='ocrx_word' id='word_1_239' title='bbox 375 2644 578 2712; x_wconf 83' lang='lat' dir='ltr'><strong>expeditissime</strong></span> <span class='ocrx_word' id='word_1_240' title='bbox 590 2643 620 2696; x_wconf 91' lang='lat' dir='ltr'><strong>in</strong></span> <span class='ocrx_word' id='word_1_241' title='bbox 632 2644 843 2695; x_wconf 81' lang='lat' dir='ltr'><strong>llersetliebasea</strong></span> <span class='ocrx_word' id='word_1_242' title='bbox 857 2645 870 2672; x_wconf 78' lang='lat'>*</span> <span class='ocrx_word' id='word_1_243' title='bbox 891 2659 953 2696; x_wconf 91' lang='lat' dir='ltr'><strong>eum</strong></span> <span class='ocrx_word' id='word_1_244' title='bbox 975 2642 1123 2696; x_wconf 86' lang='lat' dir='ltr'><strong>consistere</strong></span> <span class='ocrx_word' id='word_1_245' title='bbox 1142 2643 1177 2696; x_wconf 92' lang='lat' dir='ltr'><strong>ad</strong></span> <span class='ocrx_word' id='word_1_246' title='bbox 1197 2660 1318 2711; x_wconf 77' lang='lat' dir='ltr'><strong>praesens</strong></span> <span class='ocrx_word' id='word_1_247' title='bbox 1329 2644 1377 2709; x_wconf 86' lang='lat' dir='ltr'><strong>ait,</strong></span> <span class='ocrx_word' id='word_1_248' title='bbox 1395 2646 1445 2699; x_wconf 91' lang='lat' dir='ltr'><strong>sed</strong></span> 
     </span>
     <span class='ocr_line' id='line_1_24' title="bbox 175 2742 1444 2815; baseline 0.002 -20"><span class='ocrx_word' id='word_1_249' title='bbox 175 2746 182 2759; x_wconf 76' lang='lat'><strong>⁹</strong></span> <span class='ocrx_word' id='word_1_250' title='bbox 208 2746 339 2815; x_wconf 89' lang='lat' dir='ltr'><strong>quiajam</strong></span> <span class='ocrx_word' id='word_1_251' title='bbox 359 2745 450 2798; x_wconf 87' lang='lat' dir='ltr'><strong>obitus</strong></span> <span class='ocrx_word' id='word_1_252' title='bbox 468 2745 527 2812; x_wconf 75' lang='lat' dir='ltr'><strong>eJus</strong></span> <span class='ocrx_word' id='word_1_253' title='bbox 545 2742 709 2803; x_wconf 82' lang='lat' dir='ltr'><strong>immineret,</strong></span> <span class='ocrx_word' id='word_1_254' title='bbox 727 2757 904 2810; x_wconf 89' lang='lat' dir='ltr'><strong>nequaquam</strong></span> <span class='ocrx_word' id='word_1_255' title='bbox 916 2759 989 2805; x_wconf 88' lang='lat' dir='ltr'><strong>eum,</strong></span> <span class='ocrx_word' id='word_1_256' title='bbox 1006 2743 1028 2796; x_wconf 89' lang='lat' dir='ltr'><strong>si</strong></span> <span class='ocrx_word' id='word_1_257' title='bbox 1048 2742 1092 2796; x_wconf 87' lang='lat' dir='ltr'><strong>vel</strong></span> <span class='ocrx_word' id='word_1_258' title='bbox 1104 2746 1209 2810; x_wconf 87' lang='lat' dir='ltr'><strong>partem</strong></span> <span class='ocrx_word' id='word_1_259' title='bbox 1222 2743 1273 2795; x_wconf 77' lang='lat' dir='ltr'><strong>vite</strong></span> <span class='ocrx_word' id='word_1_260' title='bbox 1291 2743 1444 2808; x_wconf 78' lang='lat' dir='ltr'><strong>transisset,</strong></span> 
     </span>
     <span class='ocr_line' id='line_1_25' title="bbox 208 2840 1443 2913; baseline -0.001 -18"><span class='ocrx_word' id='word_1_261' title='bbox 208 2848 362 2913; x_wconf 89' lang='lat' dir='ltr'><strong>opportune</strong></span> <span class='ocrx_word' id='word_1_262' title='bbox 383 2841 561 2911; x_wconf 87' lang='lat' dir='ltr'><strong>supervenire</strong></span> <span class='ocrx_word' id='word_1_263' title='bbox 584 2857 672 2910; x_wconf 88' lang='lat' dir='ltr'><strong>posse.</strong></span> <span class='ocrx_word' id='word_1_264' title='bbox 690 2840 784 2893; x_wconf 81' lang='lat' dir='ltr'><strong>Frater</strong></span> <span class='ocrx_word' id='word_1_265' title='bbox 807 2846 908 2903; x_wconf 88' lang='lat' dir='ltr'><strong>autem,</strong></span> <span class='ocrx_word' id='word_1_266' title='bbox 927 2840 1038 2893; x_wconf 89' lang='lat' dir='ltr'><strong>nomine</strong></span> <span class='ocrx_word' id='word_1_267' title='bbox 1059 2840 1260 2905; x_wconf 88' lang='lat' dir='ltr'><strong>Heremannus,</strong></span> <span class='ocrx_word' id='word_1_268' title='bbox 1277 2846 1377 2909; x_wconf 88' lang='lat' dir='ltr'><strong>postea</strong></span> <span class='ocrx_word' id='word_1_269' title='bbox 1397 2840 1443 2895; x_wconf 91' lang='lat' dir='ltr'><strong>illo</strong></span> 
     </span>
     <span class='ocr_line' id='line_1_26' title="bbox 208 2937 1491 3005; baseline -0.008 -10"><span class='ocrx_word' id='word_1_270' title='bbox 208 2941 320 2995; x_wconf 81' lang='lat' dir='ltr'><strong>veniens</strong></span> <span class='ocrx_word' id='word_1_271' title='bbox 332 2941 371 2994; x_wconf 90' lang='lat' dir='ltr'><strong>sic</strong></span> <span class='ocrx_word' id='word_1_272' title='bbox 384 2940 467 2994; x_wconf 88' lang='lat' dir='ltr'><strong>luisse</strong></span> <span class='ocrx_word' id='word_1_273' title='bbox 480 2938 604 2993; x_wconf 90' lang='lat' dir='ltr'><strong>omnium</strong></span> <span class='ocrx_word' id='word_1_274' title='bbox 617 2937 749 2992; x_wconf 87' lang='lat' dir='ltr'><strong>relatione</strong></span> <span class='ocrx_word' id='word_1_275' title='bbox 762 2937 903 3005; x_wconf 90' lang='lat' dir='ltr'><strong>comperit.</strong></span> <span class='ocrx_word' id='word_1_276' title='bbox 1459 2945 1491 2995; x_wconf 70' lang='lat' dir='ltr'><strong>ss</strong></span> 
     </span>
    </p>

    <p class='ocr_par' dir='ltr' id='par_1_5' title="bbox 206 3034 1488 3898">
     <span class='ocr_line' id='line_1_27' title="bbox 248 3034 1443 3106; baseline -0.007 -11"><span class='ocrx_word' id='word_1_277' title='bbox 248 3038 307 3098; x_wconf 78' lang='lat'><strong>28.</strong></span> <span class='ocrx_word' id='word_1_278' title='bbox 328 3040 434 3093; x_wconf 91' lang='lat' dir='ltr'><strong>Dehinc</strong></span> <span class='ocrx_word' id='word_1_279' title='bbox 452 3038 522 3092; x_wconf 84' lang='lat' dir='ltr'><strong>inira</strong></span> <span class='ocrx_word' id='word_1_280' title='bbox 539 3037 672 3106; x_wconf 75' lang='lat' dir='ltr'><strong>gallorum</strong></span> <span class='ocrx_word' id='word_1_281' title='bbox 684 3052 768 3088; x_wconf 91' lang='lat' dir='ltr'><strong>sonos</strong></span> <span class='ocrx_word' id='word_1_282' title='bbox 780 3034 908 3103; x_wconf 83' lang='lat' dir='ltr'><strong>priorissa</strong></span> <span class='ocrx_word' id='word_1_283' title='bbox 925 3036 959 3089; x_wconf 90' lang='lat' dir='ltr'><strong>de</strong></span> <span class='ocrx_word' id='word_1_284' title='bbox 977 3034 1075 3089; x_wconf 90' lang='lat' dir='ltr'><strong>viatico</strong></span> <span class='ocrx_word' id='word_1_285' title='bbox 1090 3052 1152 3089; x_wconf 91' lang='lat' dir='ltr'><strong>eum</strong></span> <span class='ocrx_word' id='word_1_286' title='bbox 1165 3035 1354 3097; x_wconf 87' lang='lat' dir='ltr'><strong>commonuit;</strong></span> <span class='ocrx_word' id='word_1_287' title='bbox 1368 3035 1443 3104; x_wconf 91' lang='lat' dir='ltr'><strong>quod</strong></span> 
     </span>
     <span class='ocr_line' id='line_1_28' title="bbox 208 3122 1444 3208; baseline -0.007 -15"><span class='ocrx_word' id='word_1_288' title='bbox 208 3144 235 3193; x_wconf 87' lang='lat' dir='ltr'><strong>et</strong></span> <span class='ocrx_word' id='word_1_289' title='bbox 246 3136 435 3208; x_wconf 88' lang='lat' dir='ltr'><strong>complacitius</strong></span> <span class='ocrx_word' id='word_1_290' title='bbox 445 3135 557 3197; x_wconf 77' lang='lat' dir='ltr'><strong>audivit,</strong></span> <span class='ocrx_word' id='word_1_291' title='bbox 566 3135 755 3200; x_wconf 90' lang='lat' dir='ltr'><strong>domnumque</strong></span> <span class='ocrx_word' id='word_1_292' title='bbox 765 3122 941 3184; x_wconf 82' lang='lat' dir='ltr'><strong>Lambertum</strong></span> <span class='ocrx_word' id='word_1_293' title='bbox 953 3132 1007 3185; x_wconf 90' lang='lat' dir='ltr'><strong>hoe</strong></span> <span class='ocrx_word' id='word_1_294' title='bbox 1019 3133 1117 3200; x_wconf 86' lang='lat' dir='ltr'><strong>exequi</strong></span> <span class='ocrx_word' id='word_1_295' title='bbox 1128 3131 1243 3200; x_wconf 89' lang='lat' dir='ltr'><strong>supplex</strong></span> <span class='ocrx_word' id='word_1_296' title='bbox 1256 3132 1373 3201; x_wconf 75' lang='lat' dir='ltr'><strong>rogarit.</strong></span> <span class='ocrx_word' id='word_1_297' title='bbox 1382 3132 1444 3200; x_wconf 85' lang='lat' dir='ltr'><strong>Quo</strong></span> 
     </span>
     <span class='ocr_line' id='line_1_29' title="bbox 206 3229 1443 3303; baseline -0.005 -13"><span class='ocrx_word' id='word_1_298' title='bbox 206 3236 299 3299; x_wconf 91' lang='lat' dir='ltr'><strong>allato,</strong></span> <span class='ocrx_word' id='word_1_299' title='bbox 309 3253 372 3289; x_wconf 92' lang='lat' dir='ltr'><strong>cum</strong></span> <span class='ocrx_word' id='word_1_300' title='bbox 383 3237 606 3303; x_wconf 89' lang='lat' dir='ltr'><strong>percunctaretur</strong></span> <span class='ocrx_word' id='word_1_301' title='bbox 617 3232 640 3284; x_wconf 92' lang='lat' dir='ltr'><strong>si</strong></span> <span class='ocrx_word' id='word_1_302' title='bbox 653 3230 827 3284; x_wconf 90' lang='lat' dir='ltr'><strong>Dominicum</strong></span> <span class='ocrx_word' id='word_1_303' title='bbox 838 3245 936 3298; x_wconf 90' lang='lat' dir='ltr'><strong>corpus</strong></span> <span class='ocrx_word' id='word_1_304' title='bbox 948 3246 1057 3283; x_wconf 87' lang='lat' dir='ltr'><strong>sumere</strong></span> <span class='ocrx_word' id='word_1_305' title='bbox 1066 3229 1184 3298; x_wconf 78' lang='lat' dir='ltr'><strong>gestiret,</strong></span> <span class='ocrx_word' id='word_1_306' title='bbox 1194 3229 1232 3282; x_wconf 87' lang='lat' dir='ltr'><strong>ait</strong></span> <span class='ocrx_word' id='word_1_307' title='bbox 1243 3249 1249 3283; x_wconf 92' lang='lat'>:</span> <span class='ocrx_word' id='word_1_308' title='bbox 1261 3231 1324 3295; x_wconf 86' lang='lat' dir='ltr'><strong>ch,</strong></span> <span class='ocrx_word' id='word_1_309' title='bbox 1334 3234 1443 3295; x_wconf 82' lang='lat' dir='ltr'><strong>rristice,</strong></span> 
     </span>
     <span class='ocr_line' id='line_1_30' title="bbox 208 3327 1443 3400; baseline -0.005 -13"><span class='ocrx_word' id='word_1_310' title='bbox 208 3337 277 3389; x_wconf 80' lang='lat' dir='ltr'><strong>riade</strong></span> <span class='ocrx_word' id='word_1_311' title='bbox 290 3337 356 3389; x_wconf 83' lang='lat' dir='ltr'><strong>adeo</strong></span> <span class='ocrx_word' id='word_1_312' title='bbox 365 3334 475 3400; x_wconf 76' lang='lat' dir='ltr'><strong>culpari</strong></span> <span class='ocrx_word' id='word_1_313' title='bbox 486 3333 592 3384; x_wconf 71' lang='lat' dir='ltr'><strong>acontiae</strong></span> <span class='ocrx_word' id='word_1_314' title='bbox 603 3331 651 3383; x_wconf 87' lang='lat' dir='ltr'><strong>boc</strong></span> <span class='ocrx_word' id='word_1_315' title='bbox 662 3330 780 3397; x_wconf 76' lang='lat' dir='ltr'><strong>obrepsit</strong></span> <span class='ocrx_word' id='word_1_316' title='bbox 789 3329 862 3381; x_wconf 84' lang='lat' dir='ltr'><strong>cobis</strong></span> <span class='ocrx_word' id='word_1_317' title='bbox 871 3329 961 3396; x_wconf 80' lang='lat' dir='ltr'><strong>eloqui</strong></span> <span class='ocrx_word' id='word_1_318' title='bbox 969 3332 983 3380; x_wconf 78' lang='lat' dir='ltr'><strong>t</strong></span> <span class='ocrx_word' id='word_1_319' title='bbox 992 3327 1060 3380; x_wconf 88' lang='lat' dir='ltr'><strong>Nam</strong></span> <span class='ocrx_word' id='word_1_320' title='bbox 1072 3327 1097 3381; x_wconf 91' lang='lat' dir='ltr'><strong>ia</strong></span> <span class='ocrx_word' id='word_1_321' title='bbox 1111 3327 1234 3396; x_wconf 89' lang='lat' dir='ltr'><strong>populari</strong></span> <span class='ocrx_word' id='word_1_322' title='bbox 1246 3327 1327 3397; x_wconf 90' lang='lat' dir='ltr'><strong>plebe</strong></span> <span class='ocrx_word' id='word_1_323' title='bbox 1336 3344 1394 3382; x_wconf 93' lang='lat' dir='ltr'><strong>non</strong></span> <span class='ocrx_word' id='word_1_324' title='bbox 1403 3333 1443 3381; x_wconf 78' lang='lat' dir='ltr'><strong>est</strong></span> 
     </span>
     <span class='ocr_line' id='line_1_31' title="bbox 207 3425 1488 3504; baseline -0.006 -16"><span class='ocrx_word' id='word_1_325' title='bbox 207 3436 299 3504; x_wconf 70' lang='lat' dir='ltr'><strong>ignota</strong></span> <span class='ocrx_word' id='word_1_326' title='bbox 318 3433 402 3501; x_wconf 85' lang='lat' dir='ltr'><strong>hujus</strong></span> <span class='ocrx_word' id='word_1_327' title='bbox 419 3429 495 3484; x_wconf 89' lang='lat' dir='ltr'><strong>verbi</strong></span> <span class='ocrx_word' id='word_1_328' title='bbox 513 3431 602 3483; x_wconf 83' lang='lat' dir='ltr'><strong>torma</strong></span> <span class='ocrx_word' id='word_1_329' title='bbox 620 3428 662 3480; x_wconf 90' lang='lat' dir='ltr'><strong>vel</strong></span> <span class='ocrx_word' id='word_1_330' title='bbox 683 3443 787 3480; x_wconf 85' lang='lat' dir='ltr'><strong>sensus.</strong></span> <span class='ocrx_word' id='word_1_331' title='bbox 806 3425 859 3493; x_wconf 89' lang='lat' dir='ltr'><strong>Qui</strong></span> <span class='ocrx_word' id='word_1_332' title='bbox 879 3429 1071 3493; x_wconf 89' lang='lat' dir='ltr'><strong>percunctatus</strong></span> <span class='ocrx_word' id='word_1_333' title='bbox 1088 3442 1143 3493; x_wconf 91' lang='lat' dir='ltr'><strong>quo</strong></span> <span class='ocrx_word' id='word_1_334' title='bbox 1162 3425 1190 3478; x_wconf 92' lang='lat' dir='ltr'><strong>id</strong></span> <span class='ocrx_word' id='word_1_335' title='bbox 1207 3425 1292 3480; x_wconf 82' lang='lat' dir='ltr'><strong>verbo</strong></span> <span class='ocrx_word' id='word_1_336' title='bbox 1308 3426 1445 3480; x_wconf 86' lang='lat' dir='ltr'><strong>habiliore</strong></span> <span class='ocrx_word' id='word_1_337' title='bbox 1458 3438 1488 3487; x_wconf 75' lang='lat' dir='ltr'><strong>to</strong></span> 
     </span>
     <span class='ocr_line' id='line_1_32' title="bbox 207 3526 1444 3597; baseline -0.006 -10"><span class='ocrx_word' id='word_1_338' title='bbox 207 3533 288 3587; x_wconf 79' lang='lat' dir='ltr'><strong>vellet</strong></span> <span class='ocrx_word' id='word_1_339' title='bbox 301 3530 394 3586; x_wconf 85' lang='lat' dir='ltr'><strong>extolli</strong></span> <span class='ocrx_word' id='word_1_340' title='bbox 407 3550 413 3583; x_wconf 95' lang='lat'><strong>:</strong></span> <span class='ocrx_word' id='word_1_341' title='bbox 426 3532 503 3595; x_wconf 86' lang='lat' dir='ltr'><strong>Date,</strong></span> <span class='ocrx_word' id='word_1_342' title='bbox 516 3527 612 3597; x_wconf 74' lang='lat' dir='ltr'><strong>inquit</strong></span> <span class='ocrx_word' id='word_1_343' title='bbox 630 3529 699 3579; x_wconf 87' lang='lat' dir='ltr'><strong>mibi</strong></span> <span class='ocrx_word' id='word_1_344' title='bbox 716 3528 865 3579; x_wconf 82' lang='lat' dir='ltr'><strong>Domimem</strong></span> <span class='ocrx_word' id='word_1_345' title='bbox 882 3542 978 3590; x_wconf 80' lang='lat' dir='ltr'><strong>metim,</strong></span> <span class='ocrx_word' id='word_1_346' title='bbox 990 3527 1161 3588; x_wconf 76' lang='lat' dir='ltr'><strong>eoezditorem,</strong></span> <span class='ocrx_word' id='word_1_347' title='bbox 1174 3526 1336 3579; x_wconf 75' lang='lat' dir='ltr'><strong>salvatorem</strong></span> <span class='ocrx_word' id='word_1_348' title='bbox 1350 3543 1444 3589; x_wconf 78' lang='lat' dir='ltr'><strong>caeam,</strong></span> 
     </span>
     <span class='ocr_line' id='line_1_33' title="bbox 208 3624 1444 3699; baseline -0.006 -14"><span class='ocrx_word' id='word_1_349' title='bbox 208 3641 236 3687; x_wconf 83' lang='lat' dir='ltr'><strong>ut</strong></span> <span class='ocrx_word' id='word_1_350' title='bbox 248 3650 299 3686; x_wconf 84' lang='lat' dir='ltr'><strong>saa</strong></span> <span class='ocrx_word' id='word_1_351' title='bbox 309 3633 402 3699; x_wconf 78' lang='lat' dir='ltr'><strong>qratia</strong></span> <span class='ocrx_word' id='word_1_352' title='bbox 419 3631 510 3698; x_wconf 83' lang='lat' dir='ltr'><strong>ipsam</strong></span> <span class='ocrx_word' id='word_1_353' title='bbox 519 3629 681 3696; x_wconf 78' lang='lat' dir='ltr'><strong>percipiam,</strong></span> <span class='ocrx_word' id='word_1_354' title='bbox 694 3643 747 3693; x_wconf 88' lang='lat' dir='ltr'><strong>quo</strong></span> <span class='ocrx_word' id='word_1_355' title='bbox 764 3628 792 3677; x_wconf 86' lang='lat' dir='ltr'><strong>in</strong></span> <span class='ocrx_word' id='word_1_356' title='bbox 812 3627 871 3692; x_wconf 80' lang='lat' dir='ltr'><strong>ipso</strong></span> <span class='ocrx_word' id='word_1_357' title='bbox 889 3632 913 3676; x_wconf 84' lang='lat' dir='ltr'><strong>et</strong></span> <span class='ocrx_word' id='word_1_358' title='bbox 930 3641 991 3676; x_wconf 84' lang='lat' dir='ltr'><strong>cum</strong></span> <span class='ocrx_word' id='word_1_359' title='bbox 1010 3626 1070 3692; x_wconf 83' lang='lat' dir='ltr'><strong>ipso</strong></span> <span class='ocrx_word' id='word_1_360' title='bbox 1088 3631 1216 3691; x_wconf 77' lang='lat' dir='ltr'><strong>perpetuo</strong></span> <span class='ocrx_word' id='word_1_361' title='bbox 1233 3641 1369 3679; x_wconf 78' lang='lat' dir='ltr'><strong>mamam.</strong></span> <span class='ocrx_word' id='word_1_362' title='bbox 1380 3624 1444 3679; x_wconf 86' lang='lat' dir='ltr'><strong>lade</strong></span> 
     </span>
     <span class='ocr_line' id='line_1_34' title="bbox 207 3721 1442 3794; baseline -0.006 -9"><span class='ocrx_word' id='word_1_363' title='bbox 207 3733 235 3786; x_wconf 92' lang='lat' dir='ltr'><strong>in</strong></span> <span class='ocrx_word' id='word_1_364' title='bbox 247 3731 360 3785; x_wconf 88' lang='lat' dir='ltr'><strong>nomine</strong></span> <span class='ocrx_word' id='word_1_365' title='bbox 371 3728 460 3782; x_wconf 88' lang='lat' dir='ltr'><strong>Patris</strong></span> <span class='ocrx_word' id='word_1_366' title='bbox 478 3732 506 3780; x_wconf 92' lang='lat' dir='ltr'><strong>et</strong></span> <span class='ocrx_word' id='word_1_367' title='bbox 523 3726 584 3780; x_wconf 82' lang='lat' dir='ltr'><strong>Filii</strong></span> <span class='ocrx_word' id='word_1_368' title='bbox 602 3731 630 3779; x_wconf 91' lang='lat' dir='ltr'><strong>et</strong></span> <span class='ocrx_word' id='word_1_369' title='bbox 647 3724 763 3794; x_wconf 84' lang='lat' dir='ltr'><strong>Spiritus</strong></span> <span class='ocrx_word' id='word_1_370' title='bbox 780 3721 867 3776; x_wconf 90' lang='lat' dir='ltr'><strong>sancti</strong></span> <span class='ocrx_word' id='word_1_371' title='bbox 886 3721 1102 3776; x_wconf 87' lang='lat' dir='ltr'><strong>communicavit</strong></span> <span class='ocrx_word' id='word_1_372' title='bbox 1118 3726 1147 3776; x_wconf 87' lang='lat' dir='ltr'><strong>et</strong></span> <span class='ocrx_word' id='word_1_373' title='bbox 1164 3722 1198 3775; x_wconf 90' lang='lat' dir='ltr'><strong>de</strong></span> <span class='ocrx_word' id='word_1_374' title='bbox 1215 3723 1300 3776; x_wconf 87' lang='lat' dir='ltr'><strong>calice</strong></span> <span class='ocrx_word' id='word_1_375' title='bbox 1314 3725 1442 3793; x_wconf 88' lang='lat' dir='ltr'><strong>poculum</strong></span> 
     </span>
     <span class='ocr_line' id='line_1_35' title="bbox 207 3820 1412 3898; baseline -0.006 -15"><span class='ocrx_word' id='word_1_376' title='bbox 207 3830 325 3898; x_wconf 87' lang='lat' dir='ltr'><strong>sumpsit</strong></span> <span class='ocrx_word' id='word_1_377' title='bbox 335 3850 341 3891; x_wconf 89' lang='lat'>;</span> <span class='ocrx_word' id='word_1_378' title='bbox 355 3829 454 3882; x_wconf 89' lang='lat' dir='ltr'><strong>deinde</strong></span> <span class='ocrx_word' id='word_1_379' title='bbox 465 3826 519 3881; x_wconf 89' lang='lat' dir='ltr'><strong>illis</strong></span> <span class='ocrx_word' id='word_1_380' title='bbox 529 3825 641 3894; x_wconf 89' lang='lat' dir='ltr'><strong>psalmis</strong></span> <span class='ocrx_word' id='word_1_381' title='bbox 651 3824 777 3879; x_wconf 88' lang='lat' dir='ltr'><strong>insistere</strong></span> <span class='ocrx_word' id='word_1_382' title='bbox 787 3821 893 3885; x_wconf 86' lang='lat' dir='ltr'><strong>indidit,</strong></span> <span class='ocrx_word' id='word_1_383' title='bbox 903 3822 976 3876; x_wconf 87' lang='lat' dir='ltr'><strong>inter</strong></span> <span class='ocrx_word' id='word_1_384' title='bbox 986 3837 1056 3890; x_wconf 91' lang='lat' dir='ltr'><strong>quos</strong></span> <span class='ocrx_word' id='word_1_385' title='bbox 1068 3825 1095 3875; x_wconf 88' lang='lat' dir='ltr'><strong>et</strong></span> <span class='ocrx_word' id='word_1_386' title='bbox 1107 3821 1165 3890; x_wconf 92' lang='lat' dir='ltr'><strong>ipse</strong></span> <span class='ocrx_word' id='word_1_387' title='bbox 1174 3820 1284 3875; x_wconf 86' lang='lat' dir='ltr'><strong>silentio</strong></span> <span class='ocrx_word' id='word_1_388' title='bbox 1295 3823 1412 3876; x_wconf 81' lang='lat' dir='ltr'><strong>vacarit</strong></span> 
     </span>
    </p>

    <p class='ocr_par' dir='ltr' id='par_1_6' title="bbox 210 3917 1503 4579">
     <span class='ocr_line' id='line_1_36' title="bbox 250 3917 1503 3993; baseline -0.006 -12"><span class='ocrx_word' id='word_1_389' title='bbox 250 3929 308 3987; x_wconf 78' lang='lat'><strong>29.</strong></span> <span class='ocrx_word' id='word_1_390' title='bbox 329 3927 379 3981; x_wconf 87' lang='lat' dir='ltr'><strong>His</strong></span> <span class='ocrx_word' id='word_1_391' title='bbox 391 3928 428 3980; x_wconf 90' lang='lat' dir='ltr'><strong>ita</strong></span> <span class='ocrx_word' id='word_1_392' title='bbox 442 3923 598 3993; x_wconf 75' lang='lat' dir='ltr'><strong>praemissis,</strong></span> <span class='ocrx_word' id='word_1_393' title='bbox 610 3938 672 3976; x_wconf 89' lang='lat' dir='ltr'><strong>cum</strong></span> <span class='ocrx_word' id='word_1_394' title='bbox 682 3922 780 3974; x_wconf 90' lang='lat' dir='ltr'><strong>beatus</strong></span> <span class='ocrx_word' id='word_1_395' title='bbox 791 3924 870 3988; x_wconf 87' lang='lat' dir='ltr'><strong>pater</strong></span> <span class='ocrx_word' id='word_1_396' title='bbox 878 3919 912 3971; x_wconf 90' lang='lat' dir='ltr'><strong>ad</strong></span> <span class='ocrx_word' id='word_1_397' title='bbox 924 3918 1006 3986; x_wconf 88' lang='lat' dir='ltr'><strong>hujus</strong></span> <span class='ocrx_word' id='word_1_398' title='bbox 1019 3917 1229 3988; x_wconf 82' lang='lat' dir='ltr'><strong>temporalitatis</strong></span> <span class='ocrx_word' id='word_1_399' title='bbox 1237 3934 1308 3987; x_wconf 89' lang='lat' dir='ltr'><strong>quas</strong></span> <span class='ocrx_word' id='word_1_400' title='bbox 1319 3918 1368 3974; x_wconf 89' lang='lat' dir='ltr'><strong>diu</strong></span> <span class='ocrx_word' id='word_1_401' title='bbox 1377 3918 1441 3973; x_wconf 86' lang='lat' dir='ltr'><strong>rnul-</strong></span> <span class='ocrx_word' id='word_1_402' title='bbox 1457 3926 1503 3977; x_wconf 49' lang='lat' dir='ltr'><strong>te?</strong></span> 
     </span>
     <span class='ocr_line' id='line_1_37' title="bbox 210 4014 1442 4097; baseline -0.011 -15"><span class='ocrx_word' id='word_1_403' title='bbox 210 4035 323 4097; x_wconf 88' lang='lat' dir='ltr'><strong>tumque</strong></span> <span class='ocrx_word' id='word_1_404' title='bbox 335 4024 547 4084; x_wconf 83' lang='lat' dir='ltr'><strong>desideraverat,</strong></span> <span class='ocrx_word' id='word_1_405' title='bbox 556 4024 645 4073; x_wconf 91' lang='lat' dir='ltr'><strong>metas</strong></span> <span class='ocrx_word' id='word_1_406' title='bbox 654 4017 808 4086; x_wconf 88' lang='lat' dir='ltr'><strong>aspirasset,</strong></span> <span class='ocrx_word' id='word_1_407' title='bbox 817 4019 845 4069; x_wconf 89' lang='lat' dir='ltr'><strong>et</strong></span> <span class='ocrx_word' id='word_1_408' title='bbox 858 4016 916 4083; x_wconf 87' lang='lat' dir='ltr'><strong>jara</strong></span> <span class='ocrx_word' id='word_1_409' title='bbox 930 4015 1032 4084; x_wconf 90' lang='lat' dir='ltr'><strong>primos</strong></span> <span class='ocrx_word' id='word_1_410' title='bbox 1048 4015 1219 4084; x_wconf 70' lang='lat' dir='ltr'><strong>intempestae</strong></span> <span class='ocrx_word' id='word_1_411' title='bbox 1231 4014 1322 4069; x_wconf 90' lang='lat' dir='ltr'><strong>noctis</strong></span> <span class='ocrx_word' id='word_1_412' title='bbox 1336 4014 1442 4069; x_wconf 86' lang='lat' dir='ltr'><strong>silentio</strong></span> 
     </span>
     <span class='ocr_line' id='line_1_38' title="bbox 210 4114 1442 4195; baseline -0.009 -16"><span class='ocrx_word' id='word_1_413' title='bbox 210 4126 381 4195; x_wconf 70' lang='lat' dir='ltr'><strong>gallicantus</strong></span> <span class='ocrx_word' id='word_1_414' title='bbox 401 4122 541 4176; x_wconf 88' lang='lat' dir='ltr'><strong>inhianter</strong></span> <span class='ocrx_word' id='word_1_415' title='bbox 558 4117 746 4177; x_wconf 89' lang='lat' dir='ltr'><strong>auscultasset,</strong></span> <span class='ocrx_word' id='word_1_416' title='bbox 758 4116 838 4185; x_wconf 88' lang='lat' dir='ltr'><strong>quasi</strong></span> <span class='ocrx_word' id='word_1_417' title='bbox 849 4116 952 4170; x_wconf 86' lang='lat' dir='ltr'><strong>diceret</strong></span> <span class='ocrx_word' id='word_1_418' title='bbox 969 4135 975 4169; x_wconf 93' lang='lat'>:</span> <span class='ocrx_word' id='word_1_419' title='bbox 999 4115 1089 4183; x_wconf 82' lang='lat' dir='ltr'><strong>“Quis</strong></span> <span class='ocrx_word' id='word_1_420' title='bbox 1109 4115 1185 4169; x_wconf 86' lang='lat' dir='ltr'><strong>dedit</strong></span> <span class='ocrx_word' id='word_1_421' title='bbox 1204 4114 1277 4184; x_wconf 78' lang='lat' dir='ltr'><strong>gallo</strong></span> <span class='ocrx_word' id='word_1_422' title='bbox 1295 4114 1442 4185; x_wconf 71' lang='lat' dir='ltr'><strong>intelligen-</strong></span> 
     </span>
     <span class='ocr_line' id='line_1_39' title="bbox 211 4211 1442 4287; baseline -0.01 -8"><span class='ocrx_word' id='word_1_423' title='bbox 211 4225 276 4278; x_wconf 90' lang='lat' dir='ltr'><strong>tiam</strong></span> <span class='ocrx_word' id='word_1_424' title='bbox 284 4223 312 4287; x_wconf 78' lang='lat' dir='ltr'><strong>t,</strong></span> <span class='ocrx_word' id='word_1_425' title='bbox 323 4224 370 4277; x_wconf 84' lang='lat' dir='ltr'><strong>et‘</strong></span> <span class='ocrx_word' id='word_1_426' title='bbox 380 4218 458 4274; x_wconf 87' lang='lat' dir='ltr'><strong>Gallo</strong></span> <span class='ocrx_word' id='word_1_427' title='bbox 467 4220 584 4271; x_wconf 87' lang='lat' dir='ltr'><strong>canente</strong></span> <span class='ocrx_word' id='word_1_428' title='bbox 594 4230 658 4283; x_wconf 89' lang='lat' dir='ltr'><strong>spes</strong></span> <span class='ocrx_word' id='word_1_429' title='bbox 667 4213 745 4277; x_wconf 87' lang='lat' dir='ltr'><strong>redit,</strong></span> <span class='ocrx_word' id='word_1_430' title='bbox 754 4212 832 4281; x_wconf 76' lang='lat' dir='ltr'><strong>agris</strong></span> <span class='ocrx_word' id='word_1_431' title='bbox 840 4212 917 4266; x_wconf 89' lang='lat' dir='ltr'><strong>salus</strong></span> <span class='ocrx_word' id='word_1_432' title='bbox 925 4211 1086 4275; x_wconf 82' lang='lat' dir='ltr'><strong>retunditur,</strong></span> <span class='ocrx_word' id='word_1_433' title='bbox 1097 4254 1108 4276; x_wconf 87' lang='lat'><strong>,</strong></span> <span class='ocrx_word' id='word_1_434' title='bbox 1120 4217 1148 4265; x_wconf 89' lang='lat' dir='ltr'><strong>et</strong></span> <span class='ocrx_word' id='word_1_435' title='bbox 1156 4228 1206 4280; x_wconf 90' lang='lat' dir='ltr'><strong>spe</strong></span> <span class='ocrx_word' id='word_1_436' title='bbox 1214 4212 1298 4267; x_wconf 88' lang='lat' dir='ltr'><strong>beata</strong></span> <span class='ocrx_word' id='word_1_437' title='bbox 1306 4213 1442 4269; x_wconf 76' lang='lat' dir='ltr'><strong>animatus</strong></span> 
     </span>
     <span class='ocr_line' id='line_1_40' title="bbox 211 4310 1439 4392; baseline -0.007 -17"><span class='ocrx_word' id='word_1_438' title='bbox 211 4339 294 4392; x_wconf 67' lang='lat' dir='ltr'><strong>cruam</strong></span> <span class='ocrx_word' id='word_1_439' title='bbox 305 4319 411 4392; x_wconf 66' lang='lat' dir='ltr'><strong>praelati</strong></span> <span class='ocrx_word' id='word_1_440' title='bbox 424 4333 520 4371; x_wconf 90' lang='lat' dir='ltr'><strong>sumus</strong></span> <span class='ocrx_word' id='word_1_441' title='bbox 529 4314 693 4384; x_wconf 78' lang='lat' dir='ltr'><strong>legationem</strong></span> <span class='ocrx_word' id='word_1_442' title='bbox 706 4311 894 4381; x_wconf 88' lang='lat' dir='ltr'><strong>apostolorum</strong></span> <span class='ocrx_word' id='word_1_443' title='bbox 904 4310 978 4365; x_wconf 86' lang='lat' dir='ltr'><strong>fldeli</strong></span> <span class='ocrx_word' id='word_1_444' title='bbox 987 4316 1080 4365; x_wconf 89' lang='lat' dir='ltr'><strong>mente</strong></span> <span class='ocrx_word' id='word_1_445' title='bbox 1089 4311 1275 4378; x_wconf 83' lang='lat' dir='ltr'><strong>considerans,</strong></span> <span class='ocrx_word' id='word_1_446' title='bbox 1283 4312 1439 4367; x_wconf 87' lang='lat' dir='ltr'><strong>adsalutem</strong></span> 
     </span>
     <span class='ocr_line' id='line_1_41' title="bbox 212 4409 1440 4489; baseline -0.01 -13"><span class='ocrx_word' id='word_1_447' title='bbox 212 4423 283 4476; x_wconf 87' lang='lat' dir='ltr'><strong>etad</strong></span> <span class='ocrx_word' id='word_1_448' title='bbox 294 4436 419 4489; x_wconf 77' lang='lat' dir='ltr'><strong>supernae</strong></span> <span class='ocrx_word' id='word_1_449' title='bbox 428 4413 607 4484; x_wconf 86' lang='lat' dir='ltr'><strong>jocunditatis</strong></span> <span class='ocrx_word' id='word_1_450' title='bbox 615 4411 741 4465; x_wconf 74' lang='lat' dir='ltr'><strong>bravium</strong></span> <span class='ocrx_word' id='word_1_451' title='bbox 754 4410 869 4463; x_wconf 79' lang='lat' dir='ltr'><strong>feliciter</strong></span> <span class='ocrx_word' id='word_1_452' title='bbox 880 4414 1066 4478; x_wconf 87' lang='lat' dir='ltr'><strong>prospectans,</strong></span> <span class='ocrx_word' id='word_1_453' title='bbox 1079 4426 1136 4464; x_wconf 92' lang='lat' dir='ltr'><strong>non</strong></span> <span class='ocrx_word' id='word_1_454' title='bbox 1152 4415 1209 4463; x_wconf 92' lang='lat' dir='ltr'><strong>tnm</strong></span> <span class='ocrx_word' id='word_1_455' title='bbox 1219 4409 1276 4464; x_wconf 87' lang='lat' dir='ltr'><strong>alta</strong></span> <span class='ocrx_word' id='word_1_456' title='bbox 1284 4427 1369 4479; x_wconf 90' lang='lat' dir='ltr'><strong>quam</strong></span> <span class='ocrx_word' id='word_1_457' title='bbox 1380 4426 1440 4481; x_wconf 71' lang='lat' dir='ltr'><strong>pne</strong></span> 
     </span>
     <span class='ocr_line' id='line_1_42' title="bbox 212 4508 1439 4579; baseline -0.011 -5"><span class='ocrx_word' id='word_1_458' title='bbox 212 4520 286 4574; x_wconf 89' lang='lat' dir='ltr'><strong>clara</strong></span> <span class='ocrx_word' id='word_1_459' title='bbox 295 4516 449 4573; x_wconf 74' lang='lat' dir='ltr'><strong>(levationis</strong></span> <span class='ocrx_word' id='word_1_460' title='bbox 459 4531 534 4578; x_wconf 76' lang='lat' dir='ltr'><strong>voce,</strong></span> <span class='ocrx_word' id='word_1_461' title='bbox 546 4512 659 4566; x_wconf 87' lang='lat' dir='ltr'><strong>laudum</strong></span> <span class='ocrx_word' id='word_1_462' title='bbox 673 4510 793 4563; x_wconf 87' lang='lat' dir='ltr'><strong>carmine</strong></span> <span class='ocrx_word' id='word_1_463' title='bbox 806 4509 931 4574; x_wconf 85' lang='lat' dir='ltr'><strong>inlectus,</strong></span> <span class='ocrx_word' id='word_1_464' title='bbox 943 4509 972 4563; x_wconf 91' lang='lat' dir='ltr'><strong>in</strong></span> <span class='ocrx_word' id='word_1_465' title='bbox 984 4508 1079 4563; x_wconf 89' lang='lat' dir='ltr'><strong>laudes</strong></span> <span class='ocrx_word' id='word_1_466' title='bbox 1092 4508 1200 4563; x_wconf 88' lang='lat' dir='ltr'><strong>Domini</strong></span> <span class='ocrx_word' id='word_1_467' title='bbox 1220 4510 1317 4579; x_wconf 88' lang='lat' dir='ltr'><strong>erupit,</strong></span> <span class='ocrx_word' id='word_1_468' title='bbox 1336 4509 1439 4563; x_wconf 85' lang='lat' dir='ltr'><strong>dicens:</strong></span> 
     </span>
    </p>

    <p class='ocr_par' dir='ltr' id='par_1_7' title="bbox 212 4607 1511 4783">
     <span class='ocr_line' id='line_1_43' title="bbox 216 4607 1439 4681; baseline -0.011 -7"><span class='ocrx_word' id='word_1_469' title='bbox 216 4621 252 4673; x_wconf 82' lang='lat' dir='ltr'><strong>Te</strong></span> <span class='ocrx_word' id='word_1_470' title='bbox 264 4621 349 4673; x_wconf 85' lang='lat' dir='ltr'><strong>Deum</strong></span> <span class='ocrx_word' id='word_1_471' title='bbox 361 4619 515 4681; x_wconf 81' lang='lat' dir='ltr'><strong>laudamus,</strong></span> <span class='ocrx_word' id='word_1_472' title='bbox 528 4617 618 4667; x_wconf 92' lang='lat' dir='ltr'><strong>totum</strong></span> <span class='ocrx_word' id='word_1_473' title='bbox 632 4626 749 4665; x_wconf 78' lang='lat' dir='ltr'><strong>versum.</strong></span> <span class='ocrx_word' id='word_1_474' title='bbox 758 4610 792 4663; x_wconf 87' lang='lat' dir='ltr'><strong>Et</strong></span> <span class='ocrx_word' id='word_1_475' title='bbox 805 4610 863 4677; x_wconf 88' lang='lat' dir='ltr'><strong>jam</strong></span> <span class='ocrx_word' id='word_1_476' title='bbox 880 4625 913 4662; x_wconf 91' lang='lat' dir='ltr'><strong>ac</strong></span> <span class='ocrx_word' id='word_1_477' title='bbox 930 4609 953 4663; x_wconf 92' lang='lat' dir='ltr'><strong>si</strong></span> <span class='ocrx_word' id='word_1_478' title='bbox 971 4608 1126 4677; x_wconf 80' lang='lat' dir='ltr'><strong>agonizans,</strong></span> <span class='ocrx_word' id='word_1_479' title='bbox 1138 4607 1278 4678; x_wconf 87' lang='lat' dir='ltr'><strong>subjectos</strong></span> <span class='ocrx_word' id='word_1_480' title='bbox 1289 4614 1439 4664; x_wconf 79' lang='lat' dir='ltr'><strong>coessentes</strong></span> 
     </span>
     <span class='ocr_line' id='line_1_44' title="bbox 212 4707 1511 4783; baseline -0.012 -10"><span class='ocrx_word' id='word_1_481' title='bbox 212 4718 264 4773; x_wconf 90' lang='lat' dir='ltr'><strong>sibi</strong></span> <span class='ocrx_word' id='word_1_482' title='bbox 273 4718 363 4772; x_wconf 87' lang='lat' dir='ltr'><strong>laudis</strong></span> <span class='ocrx_word' id='word_1_483' title='bbox 375 4715 513 4771; x_wconf 87' lang='lat' dir='ltr'><strong>canticum</strong></span> <span class='ocrx_word' id='word_1_484' title='bbox 526 4711 668 4783; x_wconf 88' lang='lat' dir='ltr'><strong>psallendo</strong></span> <span class='ocrx_word' id='word_1_485' title='bbox 679 4725 836 4780; x_wconf 88' lang='lat' dir='ltr'><strong>percurrere</strong></span> <span class='ocrx_word' id='word_1_486' title='bbox 850 4707 966 4762; x_wconf 89' lang='lat' dir='ltr'><strong>instituit</strong></span> <span class='ocrx_word' id='word_1_487' title='bbox 979 4727 986 4760; x_wconf 76' lang='grc' dir='ltr'>ε</span> <span class='ocrx_word' id='word_1_488' title='bbox 1000 4709 1011 4734; x_wconf 87' lang='lat'>‘</span> <span class='ocrx_word' id='word_1_489' title='bbox 1023 4707 1116 4762; x_wconf 87' lang='lat' dir='ltr'><strong>Gloria</strong></span> <span class='ocrx_word' id='word_1_490' title='bbox 1127 4713 1155 4762; x_wconf 91' lang='lat' dir='ltr'><strong>et</strong></span> <span class='ocrx_word' id='word_1_491' title='bbox 1172 4707 1297 4763; x_wconf 89' lang='lat' dir='ltr'><strong>adoratio</strong></span> <span class='ocrx_word' id='word_1_492' title='bbox 1314 4715 1343 4765; x_wconf 93' lang='lat' dir='ltr'><strong>et</strong></span> <span class='ocrx_word' id='word_1_493' title='bbox 1359 4709 1511 4764; x_wconf 81' lang='lat' dir='ltr'><strong>lausa..</strong></span> 
     </span>
    </p>
   </div>
   <div class='ocr_carea' id='block_1_3' title="bbox 0 0 1640 5400">
    <p class='ocr_par' dir='ltr' id='par_1_8' title="bbox 0 0 1640 5400">
     <span class='ocr_line' id='line_1_45' title="bbox 0 0 1640 5400; baseline 0 0"><span class='ocrx_word' id='word_1_494' title='bbox 0 0 1640 5400; x_wconf 95' lang='lat' dir='ltr'><strong> </strong></span> 
     </span>
    </p>
   </div>
  </div>
 </body>
</html>
