3270 5400
215 312 284 386 tub
548 336 672 388 carna.
699 337 802 388 cono.
830 335 1110 386 naoroonarmc.

213 540 295 591 quam
324 525 439 578 scientia
468 525 674 595 incomparabili
695 526 823 590 vinceret,
849 526 949 579 florens
975 530 1032 579 tam
1055 524 1188 594 exemplis
1208 525 1343 580 virtutum
1363 541 1448 595 quam

212 623 350 677 effluentia
373 624 567 679 doctrinarum.
590 626 667 679 Unde
691 625 719 678 in
742 626 800 693 ejus
827 625 937 679 laudem
967 624 1174 693 proverbialiter
1196 624 1249 679 dici
1274 624 1450 679 cousuevit:

214 722 226 747 ⁸
239 723 357 791 Experto
370 723 448 776 crede
461 724 582 778 huberto
595 724 715 778 Albano.
730 765 741 789 „
756 725 836 777 Solus
847 724 920 778 enirn
940 723 1068 778 hibertus
1080 724 1152 778 inter
1164 740 1263 778 omnes
1280 724 1409 777 doctores
1420 729 1448 778 et

212 823 349 891 sapientes
361 840 457 876 omnes
466 823 593 877 scientias
605 824 740 877 humanas
750 825 785 877 ad
794 823 905 892 plenum
919 823 1044 891 exposuit
1053 827 1136 891 atque
1149 822 1255 877 Latinis
1263 822 1448 892 intelligibiles

213 920 330 974 tradidit.
340 921 417 975 Unde
426 921 577 990 quidquid*
587 922 637 974 dici
648 922 737 990 potuit
746 927 772 974 et
781 920 883 973 assumi
895 920 1003 989 ingenio
1013 938 1045 974 uc
1054 921 1088 974 de
1098 921 1239 990 sapientise
1247 920 1354 975 hauriri
1363 921 1447 983 fonte,
1461 934 1476 982 5

214 1019 315 1087 abipso
328 1019 356 1072 in
366 1020 422 1072 suis
434 1020 509 1073 libris
521 1019 697 1073 disertissime
709 1019 784 1072 omni
803 1019 967 1087 eloquentiae
985 1036 1017 1073 ac
1029 1019 1170 1088 sapientiae
1182 1019 1330 1088 splendore
1341 1019 1446 1089 fulgens

213 1117 401 1186 copiosissime
413 1117 532 1186 positum
549 1124 630 1186 atque
641 1119 773 1171 disertum
786 1123 834 1172 est.
846 1119 923 1172 Unde
936 1119 1007 1186 apud
1019 1118 1159 1187 sapientes
1171 1119 1289 1172 arabica
1307 1118 1407 1188 linguar
1419 1124 1445 1172 et

213 1217 367 1286 aliquarum
379 1217 494 1270 aliarum
508 1217 667 1271 Latinorum
681 1217 833 1286 ‘sapiens„
848 1223 930 1286 atque
945 1220 955 1243 ‘⁴
971 1217 1153 1286 philosophus
1168 1259 1179 1281 ,
1194 1217 1358 1285 appellatur.
1369 1217 1444 1271 Idem

213 1316 363 1370 certissime
375 1316 502 1370 Albertus
511 1317 546 1368 ab
555 1317 681 1370 albedine
691 1317 790 1370 dicitur
799 1321 826 1369 et
835 1316 994 1385 appellatur.
1004 1317 1072 1370 liam
1081 1317 1150 1370 sicut
1159 1316 1258 1369 albedo
1269 1316 1340 1370 inter
1348 1332 1443 1370 omnes

212 1414 317 1469 colores
329 1415 434 1468 obtinet
446 1415 636 1483 principatum,
648 1416 686 1468 sic
699 1415 757 1484 ipse
774 1416 843 1468 inter
858 1433 954 1469 omnes
973 1415 1153 1484 philosophos
1165 1414 1347 1468 eminentiam
1359 1416 1443 1469 tenuit
1460 1424 1480 1472 tt

213 1517 296 1582 atque
307 1513 463 1581 primatum.

345 1717 515 1789 Sequitur
537 1716 768 1790 epitaphium.
792 1716 859 1777 Isti
880 1731 1010 1776 versus
1032 1716 1140 1788 positi
1160 1717 1246 1775 sunt
1267 1716 1317 1775 ad

658 1818 884 1889 sepulturam
904 1816 994 1888 eius.

459 2023 529 2076 Fons
541 2027 582 2075 est
594 2023 746 2085 doctorum,
759 2023 830 2091 paris
842 2037 939 2090 expers
952 2021 1190 2091 philosophorum,

459 2120 586 2189 Princeps
597 2121 754 2183 verborum,
763 2136 812 2172 ras
824 2120 940 2172 lundens
949 2120 1072 2188 *dogma
1083 2135 1234 2172 sacrorum.
1445 2128 1480 2184 iu

458 2219 508 2273 Hic
518 2220 590 2287 jacet
602 2219 737 2283 hibertus,
746 2219 889 2287 praeclarus
899 2219 927 2270 in
937 2218 1011 2280 orbe,
1022 2218 1148 2281 disertus,
1173 2276 1179 2287 .

459 2319 517 2372 Prae
528 2318 632 2372 cunctis
640 2324 730 2371 certus
742 2324 861 2372 assertor
873 2318 900 2371 in
910 2334 972 2372 arce
985 2323 1116 2386 repertus.

456 2418 543 2484 Major
554 2417 675 2479 Platone,
689 2417 732 2469 rix
746 2416 857 2470 inferior
869 2417 1026 2470 Salomone.

457 2517 545 2584 Quem
558 2521 595 2581 tu,
608 2515 714 2570 Christe
726 2517 806 2580 bone,
818 2516 962 2569 doctorum
972 2515 1055 2584 junge
1067 2531 1184 2568 coronae.

458 2617 545 2671 Annis
554 2616 596 2669 bis
607 2617 683 2670 denIs
695 2615 785 2671 minus
797 2615 864 2669 actis
876 2615 950 2669 mille
963 2615 1127 2668 tercentenis
1143 2598 1149 2607 ¹

458 2716 559 2769 Christi
570 2715 713 2776 nascentis¹
724 2716 757 2768 de
767 2715 887 2783 corporis
900 2714 955 2767 exit
968 2714 1092 2767 habenis.

460 2815 562 2882 Quinta
573 2820 635 2883 post
646 2815 745 2868 festum
755 2813 862 2867 Martini
873 2814 934 2867 luce
946 2813 1093 2866 molestmn

459 2914 618 2982 Repetendo
631 2914 719 2967 Deum
733 2913 857 2967 transivit
868 2929 951 2982 agens
961 2912 1111 2980 jubeleum.

243 3061 398 3132 supervixit
413 3066 506 3115 autem
519 3061 636 3113 domnus
648 3061 775 3113 tilbertus
788 3065 979 3128 postmortem
997 3059 1069 3114 beati
1083 3060 1200 3114 Thomae
1212 3062 1246 3114 de
1263 3062 1371 3131 Aquino
1381 3061 1427 3115 iere

209 3175 257 3213 sex
270 3158 348 3213 anuis
360 3163 387 3211 et
396 3162 458 3211 octo
471 3157 619 3211 mensibus.
1438 3144 1480 3203 1

276 3373 327 3429 De
348 3381 498 3427 numero
519 3368 722 3439 aliquorum
742 3368 914 3426 librorum
936 3367 1054 3426 domni
1074 3363 1217 3426 Albertl
1243 3368 1378 3441 Magna

254 3578 310 3636 15.
331 3579 439 3632 Donum
453 3581 543 3629 autern
557 3576 697 3643 sapientiae
710 3576 839 3629 collatum
850 3575 954 3628 coelitus
963 3574 1077 3629 iliberto
1087 3576 1228 3631 evidenter
1238 3578 1431 3632 demonstratur

209 3678 238 3732 in
251 3674 394 3745 multiplici
407 3675 465 3740 ejus
483 3690 565 3741 opere
577 3673 772 3740 scripturarum
786 3692 792 3726 :
804 3678 835 3726 ut
847 3673 894 3740 qui
906 3672 995 3725 scriba
1007 3671 1183 3728 doc-tissimus
1195 3674 1228 3727 de
1240 3675 1371 3729 thesauro
1382 3688 1431 3728 cor·

210 3776 251 3830 dis
262 3774 305 3827 sai
316 3791 388 3827 nora
400 3778 427 3825 et
438 3776 532 3825 vetera
543 3776 571 3824 et
582 3771 750 3824 diversarum
761 3770 937 3824 scientiarum
947 3771 1054 3823 occulta
1063 3771 1190 3838 producit
1199 3771 1227 3824 in
1237 3772 1336 3827 lucem.
1345 3772 1433 3826 Nume

209 3891 255 3928 rus
264 3879 357 3928 autem
365 3877 392 3926 et
402 3871 515 3925 nomina
524 3871 678 3940 aliquorum
688 3871 820 3923 librorum
830 3873 857 3923 et
867 3885 980 3937 operum
990 3870 1057 3937 ejus,
1063 3887 1125 3938 quae
1135 3870 1169 3924 ad
1178 3870 1289 3925 laudem
1299 3869 1434 3933 Crantoris
1445 3874 1480 3924 ΙΙ

209 3973 273 4027 lldei
285 3973 473 4027 dilatationem
487 3971 751 4037 instructionemque
763 3968 929 4022 studentium
939 3969 1055 4037 ipsemet
1067 3968 1179 4023 dictavit
1196 3975 1224 4023 et
1241 3968 1434 4039 composuitin

209 4068 387 4141 sequentibus
409 4069 621 4125 conscribentur.
634 4068 702 4122 Nam
724 4069 825 4122 multos
842 4068 911 4122 alios
929 4068 1014 4121 libros
1032 4068 1118 4121 edidit
1133 4085 1251 4137 quorum
1270 4070 1369 4125 notitia
1384 4084 1435 4125 um

210 4168 380 4236 pervenitad
395 4169 445 4222 ista
457 4167 539 4221 scribi
553 4167 676 4220 iacicntis
686 4187 692 4219 :
702 4173 728 4219 et
740 4167 801 4220 idco
814 4166 858 4220 hic
873 4166 994 4235 ipsorum
1007 4166 1120 4220 nomina
1132 4183 1189 4221 non
1200 4174 1349 4235 ponuntur.

314 4461 320 4474 ·
411 4382 463 4438 De
485 4378 589 4436 libris
611 4389 730 4436 sacrae
752 4376 949 4448 scripturae
970 4388 1015 4435 aa
1037 4377 1240 4448 theologlae.

255 4585 309 4644 16.
330 4585 442 4654 Scripsit
454 4584 583 4638 Albertus
600 4600 682 4653 super
695 4588 781 4637 totam
800 4584 912 4638 bibliam
931 4600 979 4653 per
996 4585 1110 4638 modurn
1128 4586 1253 4654 postillae.
1271 4587 1341 4643 ltem
1361 4603 1436 4659 super
1448 4586 1480 4642 t!

210 4686 312 4740 multos
325 4684 409 4738 libros
422 4684 552 4752 ejusdem,
570 4684 654 4737 modo
666 4700 721 4751 quo
739 4682 845 4751 scripsit
857 4683 1011 4737 naturalem
1024 4683 1238 4753 philosophiam,
1250 4690 1436 4753 pertractatus
