3270 5400
307 324 351 397 12
637 348 762 401 carun.
789 351 892 401 cona.
919 350 1194 404 naamamrmc.

336 537 367 589 P.
378 540 436 602 504,
447 544 509 590 ante
520 555 592 592 num.
604 543 621 591 6
631 557 640 591 .·
696 539 778 607 Regis
789 539 891 592 summi
902 540 1075 608 sempiternae
1086 540 1187 608 gloriae,

629 637 660 690 Ia
671 653 727 704 quo
740 642 846 692 constat
857 654 918 706 spes
931 638 1016 693 totius
1027 639 1128 707 gratiae,

631 735 719 802 Quem
732 752 794 789 enm
807 736 915 790 Christo
929 742 1011 806 atque
1023 742 1118 791 sancto
1130 737 1254 791 Flamina

696 834 868 889 Venerantur
879 837 994 889 virtutes
1011 836 1147 905 angelicae,

631 934 705 988 Assit
717 934 786 990 mihi
797 935 960 1004 supplicanti
978 937 1073 1004 gratia,

631 1033 716 1087 Recte
725 1049 850 1102 promam
861 1040 892 1088 ut
904 1034 1012 1103 patroni
1024 1036 1131 1089 merita.

698 1132 748 1185 Dei
760 1131 846 1185 Mater
858 1132 1002 1201 singularis
1013 1133 1113 1197 meriti,

632 1230 722 1301 Virgo,
733 1214 809 1285 salus
820 1236 903 1300 atque
915 1232 972 1285 vita
983 1233 1076 1290 seculi.

631 1330 674 1383 Sis
685 1346 769 1383 exoro
781 1330 877 1383 favens
889 1329 954 1383 hnic
967 1331 1050 1399 operi.

528 1645 566 1688 nr
588 1645 703 1689 smero
726 1644 833 1688 alnao.
858 1623 935 1706 (Cir.
957 1643 1065 1705 supra,
1087 1643 1160 1705 pag.
1184 1625 1212 1701 7,
1233 1625 1312 1707 410.)
1553 1659 1585 1708 to

308 1827 406 1883 Lens
426 1826 543 1884 sanati
568 1826 662 1884 Galli
683 1823 830 1884 abbatis
854 1823 892 1883 in
914 1827 1061 1884 beatum
1082 1828 1335 1885 columbanum
1356 1830 1530 1888 rithmtee.

342 2033 420 2086 Clare
436 2032 576 2093 Sacerdos
593 2031 661 2085 cluis
677 2031 751 2085 almo
769 2031 853 2085 lullus
872 2032 978 2095 decore,
996 2032 1049 2084 luis
1067 2033 1236 2087 Columbane
1257 2036 1347 2100 decue,
1361 2037 1408 2105 qui
1428 2038 1535 2092 redoles

310 2131 338 2185 in
353 2132 428 2185 orbe.

342 2232 539 2286 nonachorum
551 2233 679 2287 cohortes
691 2237 717 2286 te
728 2232 831 2287 alarum
850 2234 944 2287 dicunt
960 2240 1073 2303 patrem,
1086 2240 1113 2288 te
1130 2235 1228 2289 sortem
1247 2252 1380 2304 proceres,
1400 2241 1426 2290 te
1444 2241 1536 2289 vatem

310 2332 404 2386 dixere
421 2349 505 2402 reges.
695 2318 700 2327 ’
1555 2349 1589 2397 45

344 2431 475 2486 Annuunt
486 2433 613 2486 decorata
625 2432 680 2485 tuis
703 2433 783 2485 lactis
796 2438 936 2502 praecepta,
948 2434 1086 2503 religionis
1098 2435 1188 2488 forma
1200 2435 1303 2503 praebet
1320 2434 1436 2488 nitorem
1450 2450 1535 2488 saera.

343 2530 388 2584 Sic
406 2532 538 2586 uirtutum
559 2532 649 2596 decus,
670 2531 749 2584 miles
769 2531 876 2595 Christi,
889 2533 917 2585 in
928 2549 1017 2586 aevum
1031 2538 1156 2602 comptus
1176 2533 1296 2596 haberis,
1315 2550 1393 2586 sacro
1415 2533 1538 2600 pandens

312 2635 446 2699 praecepta
464 2629 547 2683 dictu.

343 2730 415 2798 Quid
435 2730 484 2784 tibi
504 2730 549 2783 his
568 2729 680 2798 dignum
701 2734 825 2799 aequatur
845 2729 873 2782 in
894 2729 1018 2793 metallis,
1031 2729 1075 2783 vel
1095 2736 1288 2799 comparantur
1309 2729 1362 2783 tuis
1383 2730 1538 2783 seculorum

311 2836 388 2899 gesta
406 2829 504 2882 lactis?
1557 2842 1590 2891 20

343 2929 403 2983 Non
415 2945 526 2982 aureum
541 2932 622 2996 caput
634 2927 758 2996 Babylon
774 2933 822 2981 aut
838 2927 983 2980 Persarum
995 2933 1139 2997 argenteus
1157 2927 1255 2981 Darius
1266 2928 1360 2981 Medus
1375 2928 1473 2981 habuit
1484 2927 1540 2996 pri·

310 3043 381 3091 saus,
390 3042 440 3079 nee
451 3041 544 3078 aeneus
552 3024 663 3078 llaeedo
675 3024 742 3078 olim
751 3024 868 3093 signavit
879 3023 959 3088 bello,
970 3025 1012 3077 vel
1024 3024 1146 3093 sepultus
1155 3023 1309 3077 Salonicola
1318 3024 1440 3092 Cingrus.

344 3125 387 3178 Nil
398 3125 510 3194 dignum
524 3124 565 3177 rel
574 3123 664 3177 simile
675 3124 775 3176 horum
787 3123 841 3176 tuis
850 3139 957 3191 gessere
973 3122 1053 3177 factis
1062 3123 1105 3176 vel
1117 3122 1199 3192 gestis
1208 3123 1355 3175 Smirnaeus
1367 3123 1503 3176 Homerus
1512 3128 1542 3177 et

311 3225 474 3279 llantuanus
488 3223 572 3276 llaro.

343 3324 405 3378 lton
416 3323 515 3376 Poenns
531 3320 657 3384 Hanibal,
667 3336 722 3374 non
740 3319 835 3389 pernix
847 3320 934 3374 Porus
945 3321 1036 3385 ludus,
1047 3337 1101 3374 non
1112 3320 1219 3385 llarius,
1229 3319 1348 3383 Catulus,
1357 3319 1455 3389 Scipio,
1465 3320 1541 3386 Silla,
1559 3335 1592 3385 25

312 3421 437 3476 Graccus.

344 3520 405 3575 llon
416 3521 520 3574 ferreus
532 3521 629 3584 Caesar,
645 3520 750 3573 Boccus
762 3520 887 3583 Numida,
900 3521 1010 3579 Umber.
1021 3520 1180 3583 Celtiberus,
1198 3520 1285 3586 Septa,
1298 3517 1423 3586 Hyberus
1441 3524 1469 3571 et
1485 3518 1541 3572 Sic-

313 3621 432 3675 camber.

345 3719 452 3773 Fertilis
462 3723 493 3773 ut
504 3719 610 3777 cedrus.
622 3719 768 3787 palmaque
780 3735 862 3787 poma
873 3719 998 3787 praebens
1010 3717 1164 3770 Thesauliae
1176 3733 1267 3770 aurea

346 3818 388 3871 Tu
407 3824 500 3887 gratus
517 3822 547 3871 ut
564 3818 695 3876 obrizum.
712 3822 743 3871 iu
760 3817 918 3871 Sabaeorum
937 3821 1013 3884 grata
1030 3822 1061 3869 ut
1079 3817 1177 3869 thurea
1194 3816 1251 3868 oles
1268 3815 1351 3884 virga,
1369 3820 1400 3868 tu
1417 3815 1542 3870 balsama
1560 3827 1592 3879 3ο

313 3918 404 3982 sudas,
415 3918 491 3987 virga
502 3921 533 3970 ut
549 3917 650 3985 Engadi
662 3922 744 3970 secta

347 4014 390 4068 Tu
405 4015 510 4083 palmes
527 4030 628 4083 opacus
639 4031 735 4067 manes
746 4013 775 4066 in
786 4013 841 4066 rite
859 4029 932 4074 vera,
945 4017 974 4065 tu
992 4013 1084 4065 oleum
1103 4011 1200 4079 pingue
1218 4010 1347 4064 diffundis
1363 4014 1394 4063 ut
1406 4010 1486 4063 oliva.

348 4113 389 4166 Tu
401 4113 512 4166 lenitate
524 4113 617 4181 polles,
628 4111 794 4180 benignitate
804 4113 899 4175 clares,
911 4111 1025 4179 mystica
1037 4109 1162 4163 rimando
1175 4114 1202 4161 et
1215 4114 1287 4162 tecta
1298 4109 1475 4177 penetrando.

348 4210 496 4266 AEdificasti
511 4212 624 4265 domum
641 4216 746 4280 petram
764 4227 845 4280 super
857 4211 996 4273 insertam,
1007 4225 1068 4277 quae
1080 4212 1176 4261 contra
1192 4207 1294 4260 molem
1308 4208 1431 4261 omnium
1448 4225 1540 4263 rerum

316 4310 396 4365 firma
412 4311 464 4364 fuit
480 4310 597 4364 condita
1560 4318 1593 4369 35

349 4409 438 4477 Quam
454 4424 536 4477 supra
550 4409 612 4476 quis
623 4410 727 4477 positus
738 4413 831 4462 manet
842 4408 939 4461 firmus
951 4407 978 4459 in
990 4422 1088 4458 aevum.

349 4508 391 4561 Tu
399 4511 525 4561 mortuus
537 4507 613 4570 vivis,
625 4507 690 4561 dum
700 4507 783 4561 vitam
796 4512 885 4560 morte
895 4505 963 4558 emis
970 4525 977 4569 ;
990 4505 1090 4558 damna
1104 4509 1132 4557 tu
1144 4504 1242 4572 perdis,
1255 4504 1321 4557 dum
1339 4505 1428 4557 carnis
1439 4505 1541 4559 damna

316 4607 409 4663 senus.

349 4707 459 4761 Etemo
470 4705 583 4759 sociaris
594 4704 658 4774 regi,
670 4706 734 4759 dum
748 4722 823 4774 reges
835 4704 944 4759 temnis.
