3270 5400
408 364 501 416 eren.
519 363 601 416 nuo.
619 363 793 416 nonnam.
813 384 860 394 —
878 363 959 415 coo.
977 362 1011 416 n.
1029 363 1145 416 ruini.
1164 361 1240 416 ross.
1369 343 1442 418 487

244 552 285 606 Sit
292 553 412 619 posteris
430 553 568 615 memoria,
581 553 652 618 quod
669 567 742 604 anno
758 551 871 604 Domini
887 551 1054 616 Xchnvl,
1064 552 1190 605 existente
1207 555 1350 607 reverendo
1363 561 1445 623 patre

211 653 309 705 domno
325 651 452 703 Iohanne
468 651 500 703 de
517 648 612 716 Lonoy
631 650 732 716 abbate,
750 651 865 716 fuerunt
882 651 1007 703 mortuebi
1022 652 1169 704 residentes
1185 653 1214 704 in
1232 653 1308 705 Alno
1324 655 1446 720 qnadra-

211 754 288 818 pinta
299 752 329 803 in
340 766 454 803 numero
466 756 490 802 et
508 748 579 802 VIII
586 751 652 802 laici
661 751 774 816 fratres.
786 749 905 817 Insuper
913 757 936 803 et
948 751 1038 802 eodem
1047 767 1119 804 anno
1128 751 1247 804 abesam
1255 759 1333 805 erunt
1341 754 1446 818 aipinti.

214 850 314 903 Eodem
325 865 398 902 onno
408 850 439 901 in
448 865 535 901 mense
545 855 661 916 amposta
673 849 799 902 inaudita
812 866 828 901 a
844 850 931 901 seculo
945 850 1074 902 Meclinioe
1085 851 1116 901 in
1130 849 1283 904 Brabantia
1302 853 1385 904 evenit
1396 854 1446 905 tri·

213 948 323 1012 bulatio,
334 949 422 1014 pietas
439 953 463 999 et
474 947 687 1014 desolationum
698 955 829 1000 nocturno
845 955 962 1014 ternpore
973 948 1080 1002 turbato
1094 965 1155 1001 aere
1167 956 1190 1001 et
1202 950 1375 1003 innolescente
1385 957 1447 1003 tem·

212 1039 312 1113 pestate
332 1046 395 1099 bene
415 1046 584 1112 septinpentoe
601 1045 697 1098 domus
709 1061 829 1112 prorsus
847 1047 876 1097 in
896 1052 1000 1098 terram
1017 1047 1176 1110 ceciderunt,
1194 1053 1218 1099 et
1237 1046 1300 1099 bene
1316 1052 1447 1099 trecentas

214 1147 323 1198 animos
339 1151 363 1197 et
380 1145 457 1196 nitra
473 1149 634 1196 necaverunt
643 1161 654 1208 ,·
671 1159 791 1210 quarum
808 1143 944 1196 Dominus
960 1144 1037 1196 Dens
1053 1146 1178 1197 misereri
1195 1146 1329 1211 dianam.
1346 1145 1448 1198 Eodem

214 1260 286 1297 anno
300 1245 435 1310 Georpius
453 1243 486 1296 ab
505 1243 622 1295 Arestria
643 1245 782 1310 episeopus
802 1243 961 1296 Leodiensis
981 1259 1062 1296 snum
1076 1246 1200 1311 primurn
1213 1245 1364 1310 J'oenndum
1383 1245 1448 1310 feeit

215 1349 368 1411 inpressum
380 1344 410 1395 in
422 1343 505 1405 Alma,
523 1343 605 1394 tertia
615 1343 735 1394 videlieet
749 1344 792 1395 die
804 1344 903 1395 mensis
915 1344 1036 1407 octobris,
1050 1345 1202 1396 associatus
1215 1343 1342 1410 pluribus
1353 1344 1449 1396 nobili·

216 1444 264 1496 bns
273 1443 412 1510 peneresis
423 1448 447 1493 et
459 1442 553 1493 ceteris
564 1442 633 1494 airis
642 1442 796 1509 plrerimum
807 1441 933 1494 benedis.

319 1643 354 1712 κ’
379 1638 466 1712 Vita
481 1638 579 1712 beati
598 1638 711 1712 Salvii
726 1638 889 1730 episcopi
905 1644 941 1713 et
960 1640 1182 1713 confessoris
1199 1638 1326 1712 eximii
1343 1639 1450 1733 cujus

366 1755 546 1829 transitus
562 1756 767 1828 celebratur
784 1753 915 1846 quinto
939 1755 1118 1828 kalendas
1136 1754 1356 1829 Novembris
1374 1753 1450 1851 (fol.

370 1872 585 1966 1101-1111).

252 2000 332 2055 Edita
343 1999 371 2053 in
384 2002 443 2054 Aet.
454 2001 509 2062 SS„
520 2000 555 2053 ad
565 2000 591 2054 d.
603 2001 632 2053 11
643 2000 712 2062 ian..
721 2004 788 2053 tom.
797 1999 818 2062 l,
829 2016 855 2067 p.
864 2000 980 2076 704sqq.

320 2102 358 2174 10
382 2101 469 2174 Vita
489 2100 692 2174 beatissimi
710 2099 909 2173 Clementis
927 2099 1036 2191 primi
1054 2100 1275 2173 Metensium
1294 2098 1452 2175 civitatis

368 2215 640 2312 pontificis(iol.
664 2215 871 2311 ilus-mot.

255 2346 333 2415 Apud
343 2346 464 2415 Bosquet
475 2346 519 2412 (1),
532 2351 562 2399 ut
574 2349 687 2399 monent
699 2350 825 2399 auctores
835 2343 928 2398 Gallim
937 2344 1082 2409 litterariae,
1091 2350 1158 2400 tom.
1169 2345 1227 2413 Xll,
1235 2363 1260 2415 p.
1270 2347 1320 2400 139
1331 2345 1405 2399 edita
1413 2349 1455 2399 est

223 2445 280 2499 rite
291 2445 416 2514 quaedam
430 2444 502 2498 beati
516 2443 664 2498 Clementis
675 2444 775 2498 sabulis
787 2459 921 2512 respersa,
933 2460 994 2512 quen
1011 2448 1068 2497 tota
1086 2444 1181 2498 nititur
1194 2444 1299 2499 visione
1310 2443 1454 2512 cujusdem

223 2543 339 2613 religiosi
353 2544 404 2597 viri
416 2544 494 2610 cujus
505 2560 607 2598 nomen
619 2548 715 2597 auctor
726 2542 835 2597 silentio
848 2542 955 2612 premit
968 2543 1044 2597 Licet
1060 2543 1168 2598 initium
1181 2544 1245 2598 vite
1255 2543 1334 2597 editae
1346 2560 1378 2596 ac
1390 2542 1454 2597 rite

224 2642 414 2712 manuscriptae
427 2643 481 2696 sint
498 2643 613 2705 diversa,
626 2647 747 2696 attamen
765 2641 896 2710 quoniam
914 2641 1084 2710 Bosquetum
1102 2643 1205 2696 habere
1226 2658 1282 2696 non
1295 2640 1455 2708 contigerit,

224 2742 362 2796 nescimus
378 2742 444 2811 quid
465 2741 630 2795 discriminis
650 2741 800 2795 intercedat
819 2741 892 2795 inter
908 2741 1032 2795 codicem
1051 2746 1079 2795 et
1096 2747 1202 2795 textum
1218 2742 1275 2809 jam
1293 2740 1407 2795 editum.
1424 2739 1456 2793 ln

224 2841 318 2895 codice
329 2857 385 2894 non
397 2841 487 2909 agitur
498 2841 531 2894 de
544 2839 650 2894 visione
661 2839 707 2893 illa
718 2855 752 2892 ex
765 2856 819 2908 qua
831 2840 922 2893 omnis
933 2840 1075 2894 scribentis
1087 2839 1203 2894 seientia
1211 2839 1313 2893 hausta
1323 2839 1366 2893 sit
1377 2838 1457 2892 Aere

224 2940 336 3010 quidem
351 2955 412 2994 vern
425 2939 521 2993 Inutile
534 2939 646 2992 omnino
659 2939 793 2992 visionem
807 2939 936 2992 inducere
947 2958 954 3001 ;
967 2955 1053 3007 quum
1066 2943 1162 2992 auctor
1175 2939 1236 2992 vitae
1245 2942 1345 2991 nostra
1357 2937 1385 2992 in
1396 2936 1458 2991 aliis

224 3043 382 3092 sanctorum
395 3038 458 3092 vitis
469 3037 578 3091 abunde
587 3035 718 3104 repererit
730 3052 910 3106 quencumque
922 3036 1131 3105 excogitaverim
1144 3053 1217 3105 penu
1229 3053 1279 3090 suo
1291 3035 1338 3090 illa
1348 3040 1457 3089 tantum

225 3138 326 3192 addere
334 3137 430 3191 debuit
438 3152 499 3206 quae
511 3137 545 3189 ad
558 3135 640 3189 situm
654 3134 729 3188 urbis
742 3133 913 3203 regionisque
926 3135 1145 3203 circumjacentis
1154 3140 1286 3204 spectent.

465 3581 672 3695 Appendix
698 3579 748 3665 ud
773 3583 851 3666 eod.
878 3580 924 3666 D.
950 3577 1070 3664 Phill.
1095 3578 1216 3667 4638.
1301 3607 1302 3610 ‘

473 3843 512 3887 on
538 3843 564 3887 s.
586 3842 751 3886 ansnenrn.
773 3822 851 3907 (Cir.
873 3821 935 3887 hac
956 3822 1028 3904 ipsa
1049 3841 1132 3905 pag,
1155 3821 1212 3905 11.)

363 4025 539 4097 Incipiunt
560 4025 720 4096 capitula
741 4025 778 4082 in
798 4023 879 4083 vite
900 4022 1102 4084 beatissimi
1123 4023 1324 4084 clementis.

270 4213 439 4273 Primum.
465 4218 504 4270 De
525 4217 578 4269 hoc
596 4215 669 4283 quod
691 4214 827 4283 completo
846 4213 1006 4267 aeternitatis
1018 4214 1132 4268 consilio
1154 4214 1188 4267 de
1208 4215 1296 4267 salute
1315 4212 1461 4267 hominum

227 4317 329 4370 missus
338 4320 380 4369 est
392 4314 509 4383 Spiritus
518 4316 629 4367 sanctus
641 4310 780 4379 apostolis,
793 4313 820 4362 et
833 4308 947 4377 dispersi
959 4314 1023 4362 sunt
1034 4326 1083 4377 per
1096 4310 1163 4363 fines
1173 4308 1256 4363 orbis,

270 4412 318 4470 11.
341 4410 422 4477 Quod
430 4412 528 4465 beatus
539 4409 636 4462 Petrus
645 4406 785 4476 apostolus
795 4405 938 4471 ecclesiam
951 4404 1104 4459 Antiochia
1114 4405 1303 4470 construxerit,
1313 4405 1462 4475 discipulos

195 4520 211 4568 b
228 4512 322 4568 vocari
333 4509 498 4565 christianos
511 4503 658 4561 instituerit
668 4508 695 4556 et
707 4502 769 4556 inde
782 4501 901 4555 Romam
915 4501 1028 4555 venerit.

263 4710 298 4774 (1)
310 4708 434 4762 Ecclesia
445 4703 594 4758 Gallicana
606 4700 795 4754 Historiarum
808 4703 875 4752 tom.
884 4696 904 4761 1,
916 4701 985 4765 port.
996 4715 1024 4760 11,
1036 4714 1080 4767 pp.
1091 4699 1175 4753 17-13.
