3270 5400
305 345 352 418 28
619 378 622 383 '
638 367 762 452 CA'lAL.
788 367 891 418 CODD.
916 367 1190 419 HAGIOGRAPHIC.

305 554 605 624 Constantinopolitano
628 556 791 625 imperatori,
815 556 868 623 Qui
887 557 965 610 vultu
985 557 1136 626 elegantem
1158 562 1185 610 et
1207 556 1287 610 bonae
1311 556 1410 610 indolis
1433 556 1526 609 adole·

305 658 433 717 scentem,
442 658 470 706 et
486 654 683 708 officiosissime
700 654 882 717 obedientem,
895 655 964 708 bene
982 656 1086 719 hebuit,
1096 660 1178 724 atque
1191 656 1218 708 in
1230 672 1280 708 sua
1293 655 1394 723 palatio
1404 655 1523 724 primum

305 751 460 820 pincernam
473 753 619 806 constituit
631 754 735 806 Interea
746 759 822 822 pater
839 755 951 807 orbatus
969 754 1080 807 dolebat
1091 760 1119 807 et
1131 754 1258 822 ejulabat,
1270 760 1297 807 et
1309 759 1434 807 sanctum
1446 754 1469 806 N
1472 754 1525 807 ico·

305 851 379 905 lauru
399 850 666 905 debilibus'vocibus
684 854 837 915 accusabat,
858 853 989 906 etlilium
1010 870 1093 921 quem
1115 853 1244 906 amiserat
1264 853 1353 906 eidem
1374 852 1525 904 consessori

306 948 457 1017 imputabat
470 955 497 1002 et
515 950 722 1018 improperabat.
739 950 932 1004 solemnitates
943 956 1035 1003 tamen
1047 951 1121 1003 beati
1135 950 1238 1003 Nicolai
1249 966 1297 1018 per
1308 966 1395 1002 annos
1405 949 1526 1017 singulos
1543 957 1558 1004 5

306 1044 403 1097 festiva
411 1046 557 1099 devotione
568 1045 731 1110 celebrabat,
742 1051 824 1115 atque
836 1048 871 1099 oh
884 1047 970 1099 sancti
981 1047 1145 1100 confessoris
1155 1047 1328 1100 dilectionem
1338 1047 1430 1114 egenis
1439 1046 1527 1098 multa

307 1143 445 1196 dividebat
453 1150 480 1196 et
491 1145 627 1212 erogabat
638 1144 762 1211 Quodam
774 1151 866 1199 autem
875 1145 1077 1214 anno,peractis
1085 1145 1313 1207 solemnitatibus
1324 1161 1440 1197 marens
1449 1150 1526 1212 pater

306 1241 381 1294 solus
397 1241 424 1294 in
441 1242 555 1295 ecclesia
566 1243 703 1306 remansit,
722 1247 750 1295 et
764 1243 843 1310 juxta
861 1243 1086 1296 consuetudinem
1107 1258 1184 1295 suam
1198 1247 1320 1294 sanctum
1334 1241 1476 1295 Nicolaum
1490 1242 1526 1295 ob

306 1346 421 1394 mortem
440 1341 488 1394 filii
500 1342 542 1394 sui
559 1358 686 1394 accusare
703 1347 731 1394 et
742 1343 906 1410 exprobrare
918 1342 1005 1410 erepit.
1018 1342 1118 1394 Eadem
1138 1342 1208 1395 hora
1219 1341 1290 1394 lilius
1303 1342 1361 1406 ejus
1373 1341 1525 1394 Constanti·

306 1439 397 1508 nopoli
408 1445 472 1492 ante
484 1440 674 1508 imperatorem
687 1441 785 1502 stabat,
797 1446 825 1493 et
835 1440 1005 1508 imperatoris
1017 1440 1149 1508 scyphum
1168 1440 1393 1508 pretiosissimum
1408 1440 1526 1502 tenebat,
1545 1448 1574 1496 tt

306 1543 418 1605 etpater
430 1539 457 1591 in
469 1538 547 1591 ltalia
558 1539 675 1607 praelatis
686 1539 864 1606 querimoniis
877 1539 980 1597 orabat,
990 1544 1016 1591 el
1028 1555 1109 1591 orans
1125 1545 1250 1591 sanctum
1263 1538 1403 1591 Nicolaum
1417 1555 1525 1590 accusa·

307 1636 361 1688 bal.
373 1635 448 1689 Tunc
466 1636 562 1689 beatus
579 1637 705 1690 Nicolaus
716 1636 833 1705 amplius
850 1652 905 1689 non
923 1636 1012 1689 serens
1030 1637 1167 1689 tristitiam
1186 1642 1212 1689 et
1229 1637 1458 1689 moer·0re111serri
1476 1636 1526 1700 sui,

306 1734 507 1788 adolescentem
519 1734 624 1788 occulta
636 1735 662 1787 ri
675 1735 777 1803 accepit
790 1739 815 1788 el
827 1735 954 1803 portavit,
966 1741 1048 1803 atque
1060 1752 1115 1787 uno
1128 1740 1269 1788 momento
1279 1735 1316 1787 sic
1326 1740 1388 1787 ante
1401 1741 1526 1788 orantem

306 1838 410 1902 patrem
424 1834 451 1887 in
463 1834 541 1887 ltalia
551 1835 699 1896 constituit,
711 1835 850 1902 qupmodo
862 1834 970 1887 astabat
982 1840 1009 1887 et
1020 1835 1158 1887 serviebat
1176 1836 1203 1886 in
1217 1834 1319 1886 Gracia
1332 1835 1526 1888 Constantino·

307 1931 427 2000 politsno
446 1908 610 1999 imperatori.
622 1932 736 2000 Stupent
748 1920 837 1995 ambo,
849 1934 897 1985 sed
909 1934 996 2000 magis
1007 1933 1088 1997 lilius,
1106 1933 1152 2000 qui
1164 1948 1213 2001 pro
1226 1932 1326 2000 palatia
1339 1932 1481 1985 ecclesiam
1500 1936 1527 1985 et
1546 1941 1575 1986 tlt

307 2049 356 2099 pro
367 2032 531 2098 imperatore
549 2030 658 2082 videbat
675 2030 810 2098 jacentem
823 2036 850 2083 ct
868 2037 991 2084 orantem
1004 2048 1107 2084 senem.
1120 2031 1241 2083 Tandem
1261 2046 1344 2082 senex
1363 2050 1368 2083 :
1387 2032 1527 2098 Responde

308 2131 383 2191 milri,
394 2131 546 2181 adolescens
556 2147 565 2180 .·
575 2129 658 2194 lrajns
670 2131 780 2182 ecclesia
785 2131 883 2196 juranis
894 2132 995 2182 clausis
1006 2132 1135 2197 qaorrrodo
1148 2132 1280 2181 intrasti?
1296 2131 1363 2194 Quis
1372 2132 1433 2181 sis?
1454 2131 1528 2182 Unde

307 2229 400 2279 aenis?
414 2228 486 2291 (laid
497 2229 619 2293 requirat
630 2229 679 2278 iste
690 2228 813 2294 sapphus,
822 2244 902 2293 ‚quern
914 2235 1011 2294 portas
1025 2230 1053 2278 in
1066 2228 1192 2278 matribus
1204 2229 1281 2278 tuis?
1292 2228 1408 2294 Stupens
1418 2225 1528 2293 jacebat

307 2323 466 2377 adolescens
477 2329 512 2387 et,
521 2325 656 2377 arbitrans
664 2341 693 2378 se
702 2325 820 2378 dormire
833 2331 860 2377 et
876 2325 1047 2393 phantastice
1065 2326 1117 2379 ista
1128 2341 1246 2386 cernere,
1258 2326 1367 2392 penitus
1384 2325 1527 2392 ignorabat

306 2423 373 2491 quid
391 2425 510 2491 stupenti
528 2429 555 2476 et
575 2423 751 2491 interroganti
763 2429 855 2491 posset
871 2441 904 2476 ac
916 2425 1027 2477 deberet
1045 2424 1216 2492 respondere.
1236 2423 1283 2475 Vir
1295 2423 1413 2476 instabat
1424 2429 1451 2475 et
1463 2439 1527 2476 cun·
1544 2432 1576 2482 20

306 2523 424 2573 ctnntem
437 2520 636 2573 adolescentem
649 2519 786 2572 continuis
803 2521 1060 2589 interrogationibus
1078 2520 1247 2588 perurgebat
1259 2521 1325 2586 Epo,
1338 2519 1425 2587 inquit
1437 2519 1528 2572 adale-

305 2633 391 2676 scens,
409 2620 476 2685 qaid
494 2619 544 2671 tibi
561 2620 649 2670 dr'eam
666 2621 775 2670 nescio?
791 2620 827 2670 At
844 2626 872 2670 tu
890 2620 982 2670 indica
1002 2619 1070 2669 mibi
1087 2619 1184 2669 relisit
1204 2618 1530 2684 Catrstantinopolitanum

303 2717 446 2783 palatium,
459 2718 505 2768 abi
516 2719 592 2769 niodo
603 2719 749 2769 consistens
761 2717 1053 2783 Constantinopolitano
1073 2717 1231 2782 imperatori
1247 2716 1399 2767 serviebam.
1418 2714 1530 2767 Miratur

307 2814 392 2867 homo
400 2833 406 2875 ;
414 2820 442 2866 et
450 2813 650 2867 adolescentem
661 2814 815 2883 diligentius
824 2815 933 2868 intuens
942 2819 970 2866 et
979 2813 1110 2882 paulatim
1121 2814 1246 2881 quaedam
1256 2813 1368 2881 vestigia
1378 2813 1530 2865 amissitilli
1582 2866 1587 2871 ,

308 2911 336 2965 in
344 2912 515 2965 adolescente
527 2930 731 2982 recognoscens.
740 2913 859 2966 instabat
870 2918 897 2966 et
909 2913 1012 2974 orabat,
1021 2918 1049 2965 et
1058 2929 1168 2964 causam
1179 2928 1212 2964 ex
1222 2912 1317 2964 ordine
1330 2911 1452 2964 confiteri
1465 2912 1529 2964 ado·
1547 2923 1579 2973 25

308 3010 453 3064 lescentem
474 3012 661 3080 compellebat.
678 3012 758 3067 slunc
777 3028 844 3080 puer
865 3011 1048 3079 captivitatem
1073 3027 1152 3063 suam
1174 3015 1201 3063 et
1221 3010 1386 3076 captivitatis
1406 3011 1529 3063 laborem

308 3109 428 3163 seriatim
446 3112 579 3178 exposuit,
597 3116 624 3164 et
639 3111 757 3179 qualiter
770 3111 881 3164 demum
901 3110 950 3178 ipsi
963 3109 1264 3177 Constantinopolitano
1282 3110 1397 3162 serviret
1415 3110 1530 3176 impera-

236 3262 242 3271 ,
310 3208 369 3272 tori,
382 3209 518 3262 indicavit.
529 3210 613 3263 Audit
624 3226 706 3263 senex
719 3215 747 3263 et
757 3210 870 3272 letatur,
883 3215 911 3263 et
922 3209 949 3262 in
961 3209 1103 3276 amplexus
1121 3208 1221 3276 recepti
1238 3208 1285 3260 srlii
1298 3224 1379 3260 ruens
1391 3208 1530 3260 insatiabi-

309 3307 370 3360 liter
386 3323 446 3360 eam
465 3308 646 3362 osculabatur.
661 3310 710 3373 Ta,
720 3309 815 3377 inquit,
830 3310 969 3373 fratensis
984 3310 1125 3374 formides,
1144 3326 1175 3359 ne
1192 3315 1307 3374 stupeas.
1322 3309 1398 3360 lleus
1409 3325 1436 3359 es
1446 3309 1531 3373 silias,

309 3424 385 3474 quern
394 3409 519 3461 dominns
528 3425 609 3472 mens,
620 3411 756 3474 corasessor
767 3410 895 3461 Nicotaus
906 3426 924 3460 a
933 3415 1015 3460 marte
1026 3409 1168 3460 aristodioit
1178 3415 1200 3458 et
1210 3409 1333 3458 larnentis
1342 3408 1394 3458 niel
1401 3408 1533 3459 desiderii
1550 3413 1581 3463 30

311 3509 516 3561 condescendere
527 3511 681 3576 reportavit.
694 3507 761 3560 llein
773 3507 803 3560 lit
814 3507 941 3574 gaudium
954 3506 1036 3574 quale
1048 3505 1174 3573 exigebat
1185 3520 1303 3572 praesens
1316 3509 1436 3571 tempus;
1449 3509 1532 3572 atque

312 3606 341 3659 in
358 3612 559 3670 momentaneo,
576 3606 662 3660 sancti
682 3606 845 3660 confessoris
864 3605 974 3667 auxilio,
991 3607 1020 3659 in
1037 3610 1166 3657 aeternam
1187 3603 1307 3656 laetitiam
1326 3603 1442 3656 dolentis
1458 3603 1533 3656 senis

312 3722 459 3760 conversus
476 3712 516 3760 est
534 3706 623 3760 luctus
642 3706 739 3774 longus
759 3709 784 3757 el
803 3705 955 3758 continuus.
968 3704 1036 3757 Sunt
1053 3702 1139 3756 multa
1157 3702 1334 3770 praesentibus
1352 3701 1467 3769 aequalia
1484 3706 1533 3755 aut

312 3806 394 3858 etiarn
407 3806 509 3873 majora
522 3805 608 3858 sancti
617 3803 719 3857 Nicolai
732 3803 871 3867 miracula,
880 3803 979 3871 quibus
989 3803 1016 3855 in
1029 3802 1088 3870 ejus
1097 3801 1179 3854 laude
1190 3816 1265 3868 paene
1276 3801 1418 3853 universus
1428 3800 1534 3854 exultat

313 3903 432 3957 mundus
443 3909 471 3956 et
482 3904 509 3956 in
520 3892 579 3970 ejus
591 3901 765 3955 veneratione
777 3901 895 3954 universi
907 3900 998 3970 populi
1012 3900 1205 3953 accenduntur.
1551 3904 1582 3952 35

415 4216 453 4259 na
474 4215 589 4260 seuero
610 4215 757 4271 roaqurno
778 4214 930 4258 ariscoro.
953 4195 1029 4278 (Clr.
1051 4215 1159 4277 supra,
1182 4213 1255 4276 pag.
1281 4194 1327 4272 18,
1349 4194 1428 4274 430.)

351 4412 383 4464 Ut
399 4418 518 4463 notatam
529 4417 575 4475 eat,
586 4412 722 4477 sequentia
733 4412 893 4462 amittantur
904 4412 978 4476 apud
992 4410 1120 4463 blabillan
1133 4429 1142 4461 .·

345 4506 444 4575 Agnita
455 4512 545 4560 autem
556 4523 642 4574 poena,
652 4522 781 4560 concessa
792 4512 855 4560 sunt
867 4512 894 4561 et
911 4507 1094 4561 remediorum
1106 4507 1302 4576 cataplasmata
1320 4507 1420 4575 quibus
1437 4523 1534 4575 purga·

315 4610 406 4658 rentur
417 4605 489 4658 male
508 4605 610 4658 vitiatae
621 4605 721 4659 mentis
732 4606 856 4660 colluvia.
877 4607 945 4674 Ergo
958 4606 1040 4674 gratis
1052 4607 1092 4659 eis
1104 4605 1218 4674 gratiam
1237 4605 1299 4658 fidei
1317 4605 1485 4673 praerogavit,
1503 4610 1535 4658 ut

315 4703 343 4757 in
353 4703 406 4756 side
423 4702 594 4756 ambulantes
605 4709 774 4756 mererentur
785 4708 813 4756 et
829 4703 942 4772 gratiam
955 4708 983 4756 et
999 4719 1047 4770 pro
1065 4702 1158 4771 gratia,
1171 4703 1312 4771 praemium
1324 4702 1425 4756 scilicet
1436 4702 1535 4770 prioris
1553 4703 1586 4758 to
