3270 5400
317 347 404 401 aran.
421 344 504 399 ano.
522 342 696 397 aauxaun.
714 360 762 373 —
780 340 928 395 seusun.
945 343 993 395 nn
1009 343 1090 396 uon.
1107 335 1147 395 u⁰
1163 342 1289 400 oser-er.
1369 328 1413 401 81

221 554 290 593 usare
297 538 396 592 moirti
403 538 478 590 omui
488 543 613 603 tempore.
626 534 701 588 Totis
711 550 775 600 erpo
786 536 884 589 aalma
899 535 1003 589 ciuibus
1019 542 1095 589 tecum
1111 553 1223 591 oramus
1239 540 1417 607 sanctitatem,

222 646 341 693 utucruss
350 653 419 706 quos
433 636 570 703 relinquis
581 636 671 688 osium
688 649 740 687 nou
753 634 989 700 obliviscerisne]
999 634 1012 670 ¹
1023 638 1189 704 miserearis,
1199 655 1260 691 cum
1271 646 1334 693 onte
1344 642 1419 706 repis

221 738 462 804 uenimuspectum,
473 734 563 800 repeti
574 740 731 788 ornamento
744 732 767 767 ¹⁰
778 734 900 799 indutus,
912 735 1054 802 splendens
1064 736 1175 790 astabis.
1190 737 1243 790 luo
1254 740 1311 791 tuis
1323 737 1345 773 ¹¹
1357 742 1418 807 qui·

222 836 364 903 dumosis
373 835 481 888 meritis
498 834 549 887 tibi
557 834 648 899 pieria
666 834 824 899 enectorum
840 834 937 885 omoeu
950 832 973 866 ¹¹
989 834 1123 898 monebit,·
1133 835 1210 889 uobis
1226 844 1316 890 nutem
1326 840 1354 891 si
1369 845 1417 893 tuo

200 938 310 1003 amauit
321 935 458 1003 protectio,
477 933 662 1000 melienorum
684 933 822 999 oppmssio
840 948 893 999 per
914 934 1007 985 omnio
1028 935 1119 987 seculo
1140 936 1265 989 manmit.
1288 937 1419 992 Miserere

223 1039 294 1101 iuri,
302 1037 391 1103 optim
399 1041 504 1102 pastor,
515 1035 645 1086 miserere
656 1033 746 1085 nostri
757 1030 780 1065 ¹⁸
791 1039 815 1084 et
827 1034 947 1085 omnium
959 1035 1007 1100 qui
1018 1034 1056 1086 od
1064 1041 1128 1087 tuos
1139 1042 1248 1088 sanctos
1259 1037 1418 1103 consupium

224 1134 324 1201 reliquiae
331 1133 437 1199 fuciunt
442 1150 454 1195 ,·
464 1139 546 1200 atquc
555 1132 654 1195 cuncti,
665 1132 826 1198 quicumque
833 1136 882 1183 tuo
890 1132 1029 1197 seeffropio
1046 1139 1177 1199 quarum,
1189 1141 1347 1187 mereantur
1358 1137 1418 1189 udi·

223 1230 274 1296 pisci
281 1236 359 1297 aptota
368 1229 630 1293 caesareensium
641 1234 769 1295 operante
780 1227 888 1295 Deoque
897 1235 1048 1294 praetante.
1059 1230 1146 1282 Amen
1156 1228 1186 1282 ¹⁴.

258 1325 301 1384 11.
318 1326 424 1394 Sepulto
436 1324 573 1393 siquidem
590 1326 686 1377 sancto
703 1320 854 1376 honorifice
864 1338 986 1391 corpore,
998 1327 1075 1377 tanta
1091 1325 1256 1394 populorum
1269 1327 1417 1383 multitudo

193 1435 215 1485 tt
226 1426 285 1495 capit
293 1423 424 1479 ecclesiam
440 1421 537 1491 inqua
553 1421 701 1475 humatum
713 1424 755 1474 est
771 1418 953 1489 nequentare,
965 1424 997 1472 ut
1007 1419 1066 1488 ipsa
1082 1420 1165 1475 otiam
1176 1422 1187 1456 ¹
1198 1424 1325 1493 nequiret
1335 1424 1421 1480 susci·

227 1541 278 1596 pere
286 1523 374 1579 idcirco
385 1523 506 1577 domnus
522 1523 551 1576 et
566 1518 731 1574 venerabilis
748 1510 835 1573 abbas
847 1517 1007 1573 Dominicus
1015 1519 1141 1574 eamdem
1151 1521 1294 1577 basilicam
1306 1524 1419 1594 amplia·

228 1624 263 1687 rit
274 1640 307 1686 ne,
319 1639 364 1677 sua
379 1620 515 1676 brevitate
532 1622 633 1688 spreta,
644 1618 817 1673 horresceret
833 1634 896 1672 eam
914 1618 1002 1671 turha
1020 1617 1078 1673 Hac
1089 1618 1151 1673 lnce
1162 1637 1228 1675 vero
1240 1621 1252 1655 ¹
1263 1623 1395 1678 mundiali
1408 1624 1420 1659 ¹

228 1721 336 1777 caruitbic
346 1724 454 1775 sanctus
471 1718 600 1773 sacerdos
615 1722 694 1772 sexto
712 1717 820 1771 decimo
837 1716 974 1770 Kalendas
991 1716 1140 1781 Februarii,
1152 1725 1284 1787 regnante
1301 1721 1420 1777 Domino

229 1819 361 1873 nmroiesu
368 1818 487 1875 Christo.
498 1816 543 1871 cni
555 1820 597 1870 est
604 1816 696 1871 honor
707 1820 735 1870 et
749 1820 872 1886 potestas
882 1831 945 1869 cum
960 1821 1062 1870 aeterno
1075 1817 1156 1871 Patre
1172 1824 1199 1873 et
1210 1820 1312 1888 Spiritu
1323 1826 1420 1876 sancto

196 1924 219 1971 u
230 1932 265 1985 per
276 1915 421 1971 immodstia
437 1914 531 1969 secula
547 1912 713 1968 seculorum.
731 1913 830 1968 Amen.

263 2013 304 2073 12.
317 2015 510 2085 lreqnentatur
520 2019 613 2069 autem
626 2014 700 2068 idem
709 2011 857 2081 sepulturae
866 2017 967 2065 sanctae
976 2010 1053 2065 locus
1062 2012 1182 2066 multum
1191 2029 1208 2066 a
1218 2013 1314 2069 multis
1323 2015 1341 2081 ¹,
1354 2031 1421 2084 quo·

232 2113 287 2168 nien
299 2114 403 2169 saisitus
411 2111 571 2167 amaenitate
579 2111 670 2180 placet
678 2109 791 2164 cunctis.
803 2110 851 2164 Est
867 2114 961 2163 autem
971 2107 1093 2176 iocunda
1101 2107 1215 2176 planitie
1225 2111 1252 2164 in
1264 2128 1330 2181 gyro
1342 2113 1422 2183 aquis

195 2255 200 2265 .
233 2210 354 2275 inentibus,
361 2212 430 2266 mira
439 2215 583 2281 pratorum
594 2207 807 2277 pulchritudine,
824 2207 971 2262 uberrimis
983 2205 1070 2259 vineis
1082 2211 1110 2260 et
1118 2207 1256 2277 lanigeris
1271 2211 1344 2279 agris
1359 2212 1422 2267 visu

234 2308 295 2365 niuis
303 2310 456 2366 delectabilis
467 2327 499 2364 ac
509 2308 585 2364 omni
597 2308 771 2363 tortuositate
779 2307 908 2361 amabilis
919 2308 1004 2362 locus.

199 2458 224 2508 u
453 2454 525 2509 Hinc
537 2453 629 2508 vineta
640 2453 751 2517 micant,
763 2452 836 2507 illinc
847 2453 1023 2522 herbosaque
1033 2459 1120 2522 prata

454 2554 615 2609 Gramineus
624 2568 703 2622 agros
712 2553 884 2607 circumdant
895 2570 1006 2623 equora
1018 2553 1128 2608 blanda.

455 2654 537 2708 Hune
548 2653 600 2707 sibi
611 2652 654 2706 sir
664 2652 775 2706 Domini
787 2652 945 2721 prouiderat
956 2659 1020 2707 ante
1032 2652 1170 2718 locellum,

454 2754 532 2808 Esset
541 2753 590 2822 qui
599 2751 708 2821 populis
718 2757 812 2821 matus
824 2752 997 2807 venientibus
1007 2752 1079 2806 illuc.

453 2852 505 2906 Hic
518 2849 702 2921 paradisiacas
714 2851 810 2921 epulas
821 2850 894 2919 capit
905 2866 968 2905 ecce
980 2850 1078 2915 viator,

455 2950 564 3005 Peccati
576 2949 684 3004 veniam
697 2966 823 3018 quaerens
833 2966 865 3003 ex
879 2949 961 3004 corde
973 2949 1056 3003 fideli.

455 3048 524 3103 Cum
537 3048 611 3102 victu
622 3047 733 3103 modico
742 3047 823 3102 terris
834 3047 909 3101 bona
920 3047 1006 3101 sumit
1013 3047 1131 3117 Olympi,

454 3147 504 3201 Hic
514 3152 610 3201 orante
622 3148 668 3216 pio
677 3151 794 3216 patrono
804 3145 1052 3214 cunctipotentem,

453 3246 554 3309 Gloria,
563 3245 624 3300 laus
632 3250 660 3300 et
668 3246 758 3300 honor
769 3245 813 3300 cui
825 3248 968 3314 permanet
977 3260 1060 3298 omna
1068 3260 1117 3313 per
1126 3260 1225 3299 avum.

236 3375 347 3448 Capetum
359 3406 467 3460 quoque
483 3388 577 3460 populi
589 3390 623 3443 do
635 3394 693 3443 tota
705 3388 752 3443 illa
762 3388 904 3458 provincia
913 3389 1000 3443 sancti
1012 3405 1044 3442 ac
1056 3389 1068 3423 ¹
1079 3388 1231 3443 beatissimi
1242 3388 1355 3459 Sulpicii
1365 3391 1422 3443 avi·

202 3474 515 3560 titaneurequentare
534 3489 705 3557 sepulturam
722 3492 750 3542 et
768 3488 844 3541 omni
862 3487 1002 3541 alacritate
1019 3487 1153 3552 venerari,
1165 3489 1308 3543 audientes
1326 3490 1422 3558 procul

235 3572 292 3643 Ψ·
304 3600 353 3653 qna
367 3588 487 3658 qnotidie
503 3587 608 3641 flebant
624 3602 673 3655 per
690 3586 750 3654 ejus
766 3584 886 3654 gloriosa
897 3585 995 3639 merita
1006 3584 1053 3650 ibi,
1064 3586 1099 3640 ad
1111 3587 1248 3641 honorem
1266 3592 1294 3641 et
1310 3588 1422 3642 laudem

235 3669 316 3735 1¹tuitii
331 3688 409 3741 nostri
426 3688 492 3741 Jesu
513 3685 621 3740 Christi.
639 3685 729 3739 Tanta
748 3688 841 3738 autem
860 3684 1037 3738 multitudine
1054 3685 1259 3739 advenientium
1278 3687 1422 3741 turbarum

235 3772 340 3848 ¹¹ffittqne
349 3801 427 3841 sexus
434 3791 464 3841 et
473 3784 563 3840 atatis
574 3790 657 3854 atque
666 3783 856 3853 languentium
867 3783 977 3836 fletibus
988 3784 1146 3853 replebatur
1156 3788 1267 3838 sanctus
1278 3783 1324 3838 ille
1336 3784 1422 3850 locus,

235 3872 390 3940 ¹¹¹¹tcrdotes
403 3902 436 3940 ac
452 3885 543 3939 levitae
560 3883 717 3938 ministrare
728 3883 881 3951 nequirent,
892 3898 982 3951 neque
994 3883 1116 3937 officinm
1126 3883 1296 3938 sacerdotale
1308 3883 1423 3952 implere

198 3964 224 4017 ³⁵
235 3962 348 4036 ¹¹¹¹ttltsia
354 3984 422 4039 deut
430 4000 493 4039 mos
502 3989 545 4038 est
552 3983 699 4038 celebrare.

266 4065 307 4127 ¹8·
324 4077 429 4136 hatum
446 4085 489 4135 est
506 4085 600 4136 autem
617 4084 680 4148 post
698 4095 801 4149 pancos
818 4078 884 4133 almi
901 4079 1066 4133 confessoris
1085 4077 1259 4134 dormitionis
1277 4078 1344 4143 dies,
1362 4084 1422 4133 erat

233 4162 316 4227 ΨΜ
329 4178 364 4232 uir
371 4180 391 4245 ¹,
402 4178 506 4249 Eligius
523 4177 644 4243 nomine,
655 4177 684 4231 in
696 4176 822 4231 Biturica
834 4176 911 4230 urbis
922 4176 1059 4230 territorio
1071 4190 1258 4240 commanens,
1271 4174 1326 4245 qui,
1338 4175 1421 4246 longo

231 4341 375 4417 '’litodd.
391 4391 424 4401 -
445 4362 470 4397 ¹⁰
486 4360 659 4415 indumento·
670 4388 703 4397 —
721 4358 744 4391 ¹¹
757 4356 797 4425 (P.
806 4356 836 4423 t.)
852 4358 893 4410 ito
911 4358 1018 4409 uidetur
1034 4357 1174 4423 leyeudum
1182 4374 1193 4420 ;
1204 4355 1261 4408 cod.
1273 4353 1376 4410 Potius.
1388 4383 1420 4395 -

232 4417 457 4511 ”¹⁰¹⁰·-¹⁸(m.
469 4451 507 4510 a!
519 4460 612 4498 oua·
625 4441 648 4476 ¹⁴
660 4457 710 4495 om.

256 4498 354 4580 ¹211.
368 4558 401 4569 -
419 4529 430 4563 ¹
447 4543 518 4581 eam.
535 4524 631 4591 -¹(l.
649 4522 686 4588 v.)
706 4538 730 4575 r.
741 4520 759 4575 l.
777 4549 808 4560 -
821 4521 833 4555 ¹
844 4519 977 4575 mundali.

256 4582 679 4673 'ulle-mobis-'isai
692 4604 873 4660 om.-⁸om.

258 4663 353 4746 ¹²18.
362 4721 394 4733 -
406 4694 418 4728 ¹
429 4696 468 4762 (q.
478 4695 515 4759 v.)
527 4707 552 4747 v.
566 4707 593 4761 q.

306 4798 383 4847 ΕΔΜ..
399 4806 483 4847 saux.
498 4807 524 4846 Τ.
541 4806 569 4845 n.
