3270 5400
192 345 267 418 448
526 362 654 414 aaran.
680 360 784 413 cono.
810 357 1090 411 sacrocmamc

193 553 285 609 rabat.
303 552 428 620 Cumque
439 552 468 605 in
479 554 626 621 conspectu
639 551 710 619 regis
721 551 747 586 ¹⁰
764 550 877 619 pallium
889 550 1072 619 expandisset,
1084 551 1280 620 posuissetque
1291 551 1317 587 ¹¹
1327 568 1429 607 marsn-

194 652 279 721 pinm,
290 651 356 705 tecit
373 667 436 706 eum
454 667 501 705 rex
520 652 554 705 de
573 651 680 719 scriptis
698 654 726 704 et
737 649 875 704 annotatis
887 650 912 684 ¹¹
927 649 1077 718 insignibus
1095 655 1153 703 tarn
1169 651 1231 717 ejus
1248 651 1429 705 abdicationis

194 750 344 814 conscium,
356 767 439 820 quam
452 751 486 805 de
497 751 538 804 sui
552 751 576 786 ¹¹
588 749 736 817 adoptione
748 749 772 783 ¹¹
783 765 920 802 securum.

235 850 270 906 5.
301 846 382 903 Vadit
393 846 440 903 ille
457 850 569 915 portans
586 861 679 898 secum
691 845 700 878 ¹
713 860 769 898 sua
787 843 955 913 paupertatis
966 843 1084 913 insignia
1101 849 1130 899 et
1145 845 1181 899 de
1193 844 1323 901 cubiculo
1341 847 1429 915 regis¹

194 947 279 1003 tristis
287 960 412 1016 egressus
424 940 578 996 thalamum
591 938 715 993 introivit
726 939 738 973 ¹
750 938 851 993 uxoris.
860 938 897 991 At
904 937 950 991 illa
962 938 1069 993 vultum
1081 938 1142 1005 eius
1153 937 1275 1005 intuens,
1286 941 1363 1009 qnod
1374 958 1428 996 non
1441 954 1454 1002 e

195 1046 288 1102 esset¹
298 1041 420 1114 hylaris¹
432 1040 503 1094 sicut
521 1036 581 1093 heri
594 1041 621 1091 et
631 1037 642 1072 5
653 1037 754 1091 nudius
773 1037 877 1100 tertius,
898 1035 1062 1091 turbationis
1072 1037 1192 1091 oausas¹
1204 1037 1290 1093 anxia
1299 1038 1312 1074 5
1322 1040 1429 1096 curiosi·

196 1150 252 1200 tate
263 1141 395 1213 perquirit
406 1144 434 1194 et
444 1138 552 1207 juvenis
563 1137 652 1191 affusa
669 1135 790 1189 cervici⁰
801 1135 856 1189 ruit
868 1134 895 1188 in
908 1135 1001 1190 oscula
1012 1140 1043 1190 ut
1055 1151 1103 1204 per
1113 1135 1265 1191 blanditias
1277 1138 1334 1192 oris
1345 1139 1429 1194 disat

196 1247 224 1298 et
241 1241 361 1297 excutiat
377 1237 532 1294 molestiam
543 1236 567 1270 ¹⁰
578 1234 667 1289 cordia
677 1235 708 1287 ¹¹.
726 1234 849 1302 Cumque
860 1234 883 1268 ¹¹
901 1233 946 1289 ille
965 1233 1052 1302 ineps
1064 1235 1089 1269 ¹⁸
1105 1235 1215 1289 occulta
1239 1236 1339 1292 reticet
1349 1238 1380 1300 ¹¹.
1396 1254 1428 1293 eo

194 1341 293 1396 mulier
304 1339 436 1394 scrutinio
449 1335 579 1390 ferventis
588 1333 610 1369 ¹¹
622 1332 806 1403 inquisitionis
817 1332 931 1387 exardet
943 1351 949 1386 :
967 1349 996 1387 se
1009 1333 1176 1401 despectam,
1188 1350 1219 1388 se
1229 1335 1254 1371 ¹¹
1267 1336 1329 1391 viro
1337 1335 1428 1391 demi·

195 1445 257 1495 tans
266 1439 400 1501 odiosam,
409 1437 461 1491 nisi
471 1434 574 1490 doloris
586 1434 668 1501 hujus
680 1436 708 1486 et
717 1433 740 1469 ¹¹
751 1431 894 1490 materiam
908 1432 1010 1489 revelet
1022 1436 1050 1486 et
1061 1448 1182 1487 causam.
1195 1433 1304 1489 Crescit
1314 1436 1427 1505 amplius
1441 1445 1460 1495 tt

194 1539 224 1593 in
239 1539 413 1593 adolescente
432 1532 548 1597 tristitia,
560 1538 588 1586 et
600 1531 694 1586 dolore
712 1531 813 1599 pariter
828 1547 860 1585 ac
876 1531 981 1599 pudore
990 1532 1014 1565 15
1031 1531 1162 1586 contusus
1183 1532 1221 1586 ab
1231 1534 1330 1588 uxoris
1346 1535 1427 1590 oculis

194 1636 319 1705 proprios
340 1632 459 1688 deflectit
477 1629 600 1685 intuitus.
619 1629 742 1696 Cumque
759 1644 789 1681 se
807 1643 863 1695 prae
880 1627 1004 1695 augustia
1015 1627 1128 1695 spiritus
1145 1628 1294 1698 paululum
1309 1631 1333 1668 ¹¹
1348 1648 1426 1701 super

194 1735 273 1789 ulnas
282 1732 405 1801 conjugis
412 1730 580 1793 reclinasset,
590 1727 703 1796 pallium
712 1726 787 1796 quod
795 1728 846 1780 sub
857 1726 981 1794 clamyde
989 1725 1115 1795 gestabat
1125 1727 1252 1797 elapsum
1265 1734 1316 1795 est,
1328 1734 1425 1785 etune·

193 1833 231 1887 ris
248 1831 370 1901 aspectui
380 1831 405 1865 ¹⁰
418 1828 578 1884 revelatum.
596 1826 676 1893 Quod
693 1826 740 1880 illa
752 1824 874 1894 diligenti
886 1824 1104 1880 consideratione
1113 1826 1138 1861 ¹¹
1150 1826 1331 1895 perlustrans,
1348 1829 1425 1884 amul

194 1937 222 1987 et
231 1933 255 1968 ¹¹
267 1932 380 1986 anulum
392 1927 617 1997 marsupiumque
630 1925 759 1994 regirans,
771 1924 900 1994 cognovit
917 1923 979 1978 ilico
997 1940 1055 1978 sure
1074 1925 1247 1982 infelicitatis
1258 1927 1374 1996 insignia
1383 1948 1389 1983 :
1399 1932 1424 1982 et
1436 1936 1459 1986 u

193 2031 270 2101 gravi
282 2030 378 2084 dolore
389 2027 508 2097 pectoris
519 2025 612 2080 saucia
624 2024 655 2090 ¹¹,
674 2024 760 2093 plaga
771 2024 911 2092 quondam
924 2028 1057 2078 amomum
1069 2023 1093 2058 ¹¹
1103 2023 1222 2080 vulnera
1233 2027 1348 2096 suscipit
1361 2027 1423 2082 redi

193 2129 256 2183 viva
266 2128 297 2182 15.
309 2128 438 2182 Protinus
451 2125 479 2180 in
495 2130 597 2179 terram
611 2125 675 2177 ante
686 2121 785 2182 mariti,
796 2122 879 2190 pedes
891 2137 1006 2190 corpore
1017 2125 1045 2175 et
1056 2121 1149 2176 animo
1161 2128 1303 2191 prostrata
1318 2124 1422 2180 dimitti·

194 2233 247 2293 tur,
256 2232 283 2282 et
292 2227 365 2282 unde
377 2225 424 2280 illa
436 2224 542 2279 venerit
551 2222 585 2287 15,
602 2221 645 2276 vel
655 2221 679 2255 ¹¹
691 2220 753 2289 quis
764 2220 789 2275 ei
801 2220 862 2275 haec
870 2220 895 2254 ¹¹
906 2220 1012 2275 dederit
1022 2220 1199 2276 sciscitatur?
1211 2222 1262 2277 Ille
1273 2239 1349 2287 vero,
1358 2224 1422 2278 aaut

192 2328 244 2383 tuit
253 2327 278 2363 ¹⁰
289 2342 306 2380 a
317 2341 380 2394 rege
389 2323 575 2393 praemonitus,
587 2336 645 2374 rem
657 2320 708 2375 sub
718 2319 826 2374 silentio
836 2323 929 2388 tegens
938 2320 974 2373 ad
983 2318 1181 2375 consolationis
1192 2322 1317 2377 remedia
1327 2337 1420 2378 secon-

192 2426 281 2490 vertit,
298 2429 326 2480 et
343 2424 378 2478 de
400 2421 537 2477 thesauris
559 2420 644 2488 patris
662 2419 721 2473 haec
740 2422 882 2487 assumpta
899 2434 1127 2485 commemorans,
1144 2420 1288 2477 turbatam
1305 2421 1452 2490 conjugisit

192 2529 323 2587 mentem,
342 2539 398 2577 suae
411 2519 521 2576 interim
534 2519 636 2573 oblitus
654 2516 817 2573 turbationis
826 2517 858 2581 ¹⁰,
870 2517 963 2572 blandi
975 2519 1110 2572 sermonis
1121 2518 1281 2576 mulcedine
1291 2521 1315 2555 ¹¹
1327 2520 1417 2575 releva

191 2623 247 2678 bat.
265 2623 302 2676 At
310 2621 335 2656 ¹¹
346 2620 401 2685 illa,
414 2624 445 2673 ut
455 2619 479 2654 55
491 2634 552 2672 mos
565 2622 607 2671 est
617 2615 786 2680 mulieribus,
799 2615 943 2679 imminere
960 2615 1102 2684 proposito
1112 2616 1292 2684 pertinaciter
1300 2619 1325 2654 ¹¹
1338 2618 1415 2673 donec

192 2723 226 2776 de
245 2720 408 2775 maritorum
433 2716 574 2772 mentibus
585 2716 609 2751 55
629 2719 762 2784 suspectae
783 2715 821 2769 rei
846 2713 975 2775 hauriant
993 2715 1146 2770 veritatem.
1157 2715 1248 2771 Instat
1267 2717 1293 2753 ¹¹
1309 2716 1414 2773 lucrinus

189 2821 300 2876 vincere
312 2835 359 2873 cor
369 2816 469 2881 mariti,
482 2821 510 2871 et
521 2815 574 2870 nisi
586 2814 625 2869 rei
640 2814 798 2869 manifestet
808 2813 833 2848 ¹¹
850 2813 997 2879 occultum,
1008 2830 1064 2868 non
1081 2814 1191 2870 dubitat
1208 2831 1312 2885 procax
1327 2815 1413 2871 mulier

191 2918 324 2973 maritalis
337 2916 441 2986 copulae
452 2915 552 2971 minari
564 2914 721 2968 disortium.
732 2913 792 2967 Hoc
804 2912 908 2976 diebus,
920 2913 973 2966 hoc
985 2912 1113 2967 noctibus
1125 2912 1233 2981 agitur:
1255 2915 1323 2971 etin
1334 2913 1442 2969 istis¹¹tt

191 3018 344 3072 alternante
355 3016 421 3070 ssetn
434 3013 598 3083 singultibus
610 3012 727 3067 assiduis
739 3012 880 3066 doloribus
893 3017 949 3066 tam
959 3011 1044 3066 animi
1053 3028 1138 3080 quam
1150 3012 1270 3068 thalami
1277 3013 1409 3084 penetralia

190 3116 357 3186 quatiuntur.
369 3115 447 3170 Tunc
458 3113 577 3183 primurn
590 3111 720 3166 dedidicit
728 3112 753 3147 ⁰⁰
765 3111 922 3165 convivium
931 3111 964 3175 ¹⁰,
979 3110 1098 3176 delicias,
1108 3112 1281 3182 cubiculum,
1304 3112 1407 3182 volupia·

191 3218 241 3279 tes,
259 3213 405 3282 utrobique
416 3211 532 3266 materia
548 3209 727 3277 jocunditatis
735 3210 757 3245 ¹¹
777 3209 929 3264 obstruitur
940 3210 1027 3264 donec
1044 3209 1248 3279 importunitati
1258 3212 1284 3247 ¹¹
1300 3212 1405 3267 lemine·

191 3312 275 3367 totius
287 3311 327 3366 rei
335 3312 360 3347 ¹¹
370 3313 472 3366 veritas
484 3314 630 3364 astruatur.
647 3308 701 3362 Sed
718 3308 784 3377 quid
800 3308 913 3363 tandem
930 3309 1018 3363 anxiae
1030 3307 1154 3363 mulieris
1165 3325 1313 3366 causamur
1323 3310 1403 3366 noar

190 3519 222 3528 —
232 3489 256 3525 ¹⁰
267 3489 295 3556 (i.
305 3506 327 3544 c.
337 3489 369 3555 r.)
379 3488 395 3542 i.
405 3505 427 3542 c.
440 3488 500 3557 ejus
511 3489 544 3553 5;
557 3503 650 3541 coram
664 3503 727 3557 rege
737 3487 762 3540 5.
773 3516 803 3525 -
816 3486 840 3521 51
851 3488 997 3556 posuitque
1008 3487 1026 3542 5
1033 3507 1040 3552 ;
1059 3488 1145 3556 (quod
1156 3488 1263 3561 deport
1275 3517 1306 3530 -
1317 3487 1399 3560 posuit*

190 3571 295 3640 estque)
307 3589 357 3624 ont.
368 3573 392 3625 3.
401 3598 434 3609 -
446 3570 470 3606 ⁰¹
481 3571 526 3634 (de
535 3587 555 3624 s.
568 3585 591 3624 e.
603 3570 639 3635 a.)
651 3568 785 3639 despectis
806 3568 999 3638 annotatisque
1010 3569 1034 3633 5,
1045 3571 1070 3635 4,
1081 3572 1116 3634 5;
1137 3570 1275 3640 despectis
1286 3590 1309 3627 a
1320 3588 1341 3625 a.
1349 3568 1369 3624 3.
1377 3591 1399 3608 ··

190 3654 215 3689 ¹¹
225 3670 275 3709 sua
285 3654 333 3717 23
344 3674 351 3717 3
364 3653 448 3722 ipsius
457 3653 481 3707 4.
494 3681 524 3691 -
534 3652 558 3686 ⁰¹
568 3657 596 3705 ta
607 3670 666 3719 sup.
679 3654 726 3706 lin.

223 3735 292 3790 Nun.
303 3737 328 3790 5.
341 3763 372 3774 -
386 3736 441 3804 ¹(p.
449 3734 481 3801 s.)
491 3752 512 3788 s.
523 3750 548 3802 p.
558 3735 611 3787 55.
623 3766 655 3774 -
667 3733 679 3768 5
689 3733 773 3802 patris
782 3735 841 3787 5.-
855 3733 868 3767 ¹
879 3733 992 3788 introvit
1002 3735 1024 3788 1.
1040 3763 1070 3773 -
1079 3734 1092 3768 ¹
1101 3739 1161 3789 erat
1172 3736 1197 3790 3.
1207 3736 1257 3776 -¹
1268 3731 1396 3807 qnod-hila·

191 3819 228 3873 ris
237 3835 287 3872 orn.
298 3819 323 3871 5.
335 3847 367 3855 —
378 3817 389 3852 5
401 3833 433 3870 ac
444 3818 468 3870 4.
477 3816 525 3853 -¹
534 3830 647 3869 eausam
658 3817 682 3869 5.
693 3815 745 3853 —¹
756 3816 873 3870 noxiale.
884 3843 915 3853 -
924 3817 936 3852 ⁰
945 3815 980 3881 (a.
991 3819 1024 3881 c.)
1033 3817 1138 3872 affusus
1147 3820 1211 3881 c.l;
1223 3814 1395 3873 enascantur

190 3901 214 3964 3,
223 3902 247 3954 5.
258 3929 288 3938 -
302 3900 325 3934 ¹⁰
334 3898 468 3953 malitiam
481 3898 533 3951 3-5.
546 3925 576 3937 -
588 3899 609 3931 ¹¹
620 3898 693 3967 qnod
702 3897 840 3967 requirere
849 3896 1027 3967 petitionibus
1038 3914 1094 3953 non
1104 3899 1216 3954 valebat
1224 3903 1286 3955 cdd.
1295 3903 1322 3954 ic
1331 3909 1392 3959 mu

190 3983 214 4036 5.
224 4010 255 4022 -
265 3981 289 4016 15
298 3983 458 4050 quantoque
466 3981 497 4042 5;
508 3984 613 4047 quanto
622 3980 646 4044 3,
655 3981 672 4033 5
680 3983 777 4047 misius
785 3995 901 4049 quaque
913 3981 934 4033 l.
944 4006 976 4018 -
986 3980 1011 4015 ¹¹
1019 3981 1047 4048 (i.
1057 3982 1104 4047 rn.)
1114 3998 1150 4036 m.
1160 3981 1179 4036 i.
1185 3983 1210 4037 3.
1218 4014 1250 4022 —
1260 3982 1283 4018 ¹¹
1289 3974 1392 4036 munch

191 4063 286 4118 recitet
300 4063 324 4130 3,
344 4065 410 4117 5.-
423 4062 447 4097 15
458 4061 595 4131 diligentis
613 4062 636 4125 3,
648 4063 672 4115 5.
685 4089 718 4101 -
732 4062 754 4096 15
773 4077 858 4131 seque
869 4064 912 4117 34
924 4082 930 4127 ;
952 4079 1061 4132 semper
1080 4068 1108 4118 et
1119 4066 1186 4118 5.-
1199 4065 1223 4100 ¹¹
1234 4084 1284 4120 om.
1293 4067 1321 4119 5:
1330 4054 1391 4127 (bel

191 4145 351 4213 hujusmodi
364 4146 387 4209 5,
399 4145 423 4209 3,
434 4147 458 4198 5.
470 4173 503 4184 -
514 4146 536 4178 15
548 4145 648 4198 rubore
656 4145 680 4197 5.
692 4171 725 4182 -
737 4144 761 4178 15
772 4145 808 4213 (p.
817 4161 841 4198 a.
850 4162 871 4198 s.
884 4147 921 4214 p.)
934 4145 1006 4215 paul.
1018 4162 1044 4215 p.
1055 4163 1080 4200 a.
1092 4162 1114 4200 s.
1123 4147 1148 4210 5,
1156 4148 1182 4201 3.
1190 4175 1223 4186 —
1231 4148 1256 4183 ¹⁰
1272 4144 1346 4202 oculis
1354 4137 1391 4199 tt

190 4255 223 4268 -
235 4228 258 4262 ¹¹
270 4227 449 4282 meditatione
457 4229 482 4281 5.
494 4258 525 4266 -
538 4227 562 4260 ¹¹
580 4228 611 4293 (s.
622 4227 656 4292 e.)
665 4243 686 4281 s.
698 4227 722 4293 3,
735 4228 767 4290 5;
776 4226 902 4281 similiter
913 4244 937 4282 e.
951 4230 975 4283 5.
987 4258 1020 4266 -
1031 4229 1055 4263 ¹¹
1067 4228 1191 4283 sauciata
1201 4231 1253 4284 55
1270 4228 1329 4269 -15
1336 4218 1391 4279 tat

190 4312 222 4375 5;
232 4316 358 4365 emortua
372 4312 394 4365 1.
412 4340 444 4348 —
455 4309 480 4344 ¹¹
493 4309 613 4364 recidiva
624 4310 675 4362 5-5.
697 4337 727 4347 -
742 4309 766 4343 15
778 4315 911 4364 venerant
921 4311 938 4364 5
950 4330 957 4374 ;
971 4311 1096 4366 venerint
1118 4311 1143 4373 3.
1154 4313 1180 4366 b
1190 4340 1222 4352 -
1234 4312 1258 4347 ¹¹
1273 4316 1301 4366 et
1311 4308 1356 4373 55
1367 4303 1389 4357 55

192 4409 242 4447 om.
254 4394 278 4447 a.
291 4422 323 4432 -
340 4392 365 4427 ²⁸
376 4410 426 4447 om.
438 4393 462 4457 a,
473 4394 497 4445 a.
510 4421 539 4429 -
554 4391 578 4426 ²⁹
590 4392 714 4456 aerata,
730 4392 755 4456 a,
766 4392 791 4445 a.
802 4392 914 4458 -uta
926 4392 956 4459 t.)
968 4397 986 4447 r.
999 4410 1024 4448 0.
1041 4393 1092 4448 aa
1111 4420 1144 4432 -
1162 4394 1186 4429 ⁸1
1204 4393 1338 4449 nuceam
1349 4382 1391 4450 tt
1459 4370 1464 4479 ,²

192 4502 224 4513 -
235 4475 260 4509 51
268 4475 307 4529 ait
318 4476 341 4528 5.
352 4504 384 4513 -
395 4475 419 4509 ¹⁰
430 4475 501 4528 sicut
511 4474 535 4536 3,
552 4475 577 4528 5.
595 4503 627 4510 -
638 4474 663 4508 ¹¹
681 4473 709 4541 (i.
721 4489 747 4542 p.
764 4479 799 4542 p.)
815 4479 882 4543 pert
895 4474 912 4528 i.
924 4492 949 4543 p.
961 4475 986 4540 5,
1000 4475 1024 4541 l,
1035 4477 1053 4529 5
1063 4494 1070 4540 ;
1084 4481 1153 4545 pert.
1165 4476 1305 4531 adherere
1315 4491 1335 4544 p
1346 4470 1392 4525 3⁶

191 4556 216 4591 55
227 4575 309 4626 super
318 4574 449 4611 rasuram
462 4559 484 4610 1.
497 4584 528 4595 -
544 4556 568 4589 55
576 4555 688 4610 infestat
699 4558 723 4609 5.
735 4582 768 4595 -
780 4555 804 4588 ¹¹
815 4556 1008 4616 manifestetur
1021 4557 1047 4612 5.
1055 4583 1089 4596 -·
1099 4558 1125 4592 ¹¹
1136 4560 1240 4614 maestis
1255 4560 1279 4623 5,
1292 4558 1321 4621 43
1331 4553 1363 4618 (in
1373 4544 1392 4609 ἱ)

192 4638 285 4692 mixtis
294 4640 319 4693 5.
328 4638 393 4676 —¹⁰
403 4641 444 4692 ito
452 4638 507 4703 55,
516 4640 548 4701 5;
561 4636 655 4691 didicit
664 4637 687 4703 1,
695 4638 719 4691 3.
728 4665 758 4675 -
768 4637 794 4671 ¹⁰
803 4654 886 4706 super
893 4656 1025 4694 roeurom
1034 4640 1057 4694 1.
1066 4667 1098 4678 -
1106 4640 1131 4675 ¹¹
1141 4640 1190 4708 (nn.
1199 4640 1229 4709 i)
1235 4628 1393 4709 jucundant

191 4718 217 4754 ¹¹
228 4722 288 4788 cyil.
298 4720 318 4774 ti
325 4727 388 4788 post
397 4737 490 4774 rosor.
501 4722 523 4773 l.
535 4747 567 4758 -
579 4719 604 4753 ¹⁸
615 4736 665 4773 om.
677 4719 701 4772 3.
