3270 5400
186 324 236 395 52
525 341 652 390 uerso.
677 340 781 389 cono.
807 338 1083 387 nmnrmnsvmc.

189 536 286 587 berum
297 532 430 586 oratione.
440 531 489 584 liis
498 531 536 582 ita
545 527 626 581 dietis
637 528 657 588 ⁴,
667 525 760 579 indicti
773 525 911 577 residuum
920 527 1006 578 sumit
1017 526 1130 577 itineres.
1139 526 1170 578 ln
1179 527 1223 578 sni
1232 543 1300 578 rero
1310 526 1431 594 primor-

187 634 235 687 die
242 648 352 701 greum
359 647 438 684 sacer
445 628 543 699 presul
552 629 669 681 imatos
680 626 1205 690 taliterestanatos21>onme‚9ms
1216 635 1326 679 nm
1336 628 1431 693 dirige

187 733 343 798 daupeinim
352 740 429 783 tuum
437 737 561 781 nandum
574 728 650 778 nobie
660 727 780 780 comitem
794 725 899 788 omme,
911 731 941 775 ut
951 741 1057 791 semper
1070 727 1099 775 ia
1111 733 1160 776 tuo
1173 727 1347 788 prodimur
1357 729 1430 778 κη’·

186 837 241 884 rote
260 830 282 882 ·,
302 828 428 896 Cumque
447 826 515 879 socii
535 824 749 893 respondissent.
768 827 862 886 Amen,
882 828 956 874 retro
976 822 1050 875 unde
1070 828 1213 885 venerant,
1232 823 1289 876 laeti
1308 824 1428 877 domum

188 925 290 980 reversi
302 931 377 979 sunt,
393 924 483 978 Finito
500 928 593 976 antem
607 921 658 974 riae
674 921 772 989 spatie,
788 919 863 973 haud
875 919 970 988 procul
980 937 997 971 a
1008 919 1150 972 laritanis
1166 919 1229 972 loeo
1243 937 1330 988 super
1341 921 1430 974 Βοιὼ
1447 933 1462 980 s

187 1024 301 1078 durium
314 1024 368 1077 sito
379 1021 581 1092 aliquantutum
593 1018 739 1072 Humatice
751 1024 912 1070 manserunt
921 1018 949 1070 in
957 1018 1093 1071 coenobio.

228 1117 288 1178 22.
311 1118 377 1172 ileo
393 1118 449 1170 duo
467 1116 636 1169 monasteria
648 1115 658 1148 ¹
671 1113 761 1167 vicina
772 1113 834 1175 sibi,
845 1118 874 1165 et
885 1113 1032 1165 commoda
1043 1113 1096 1165 sub
1105 1130 1161 1166 una
1173 1113 1242 1183 lege.
1254 1121 1283 1168 et
1291 1117 1428 1170 societate

185 1220 323 1288 degebant
334 1214 433 1276 amica,
442 1214 480 1266 ita
489 1216 528 1274 ut,
536 1209 665 1278 quamvis
675 1209 737 1262 leco
749 1209 882 1275 sejuncta,
893 1208 1017 1261 emnium
1027 1213 1122 1262 tamen
1133 1218 1265 1278 parerent
1274 1218 1343 1265 rota
1351 1230 1427 1267 eom·

186 1317 274 1372 mixta
286 1332 348 1369 eum
359 1310 475 1380 simplici
487 1325 572 1362 meree
582 1308 645 1360 vitre
653 1305 808 1359 concordie
816 1305 847 1358 ln
859 1322 915 1358 uno
923 1312 1019 1360 sancta
1028 1307 1114 1359 sancti
1124 1307 1273 1362 Adalbntdi
1281 1310 1428 1365 Gertrudis

186 1416 250 1471 ario
261 1430 324 1468 eum
338 1428 387 1465 sua
405 1414 538 1480 pronepte
555 1412 583 1460 et
596 1406 698 1474 virgine
711 1404 843 1466 Eusebia;
856 1406 884 1457 in
895 1403 982 1458 altero
993 1405 1078 1459 simili
1089 1406 1226 1460 florebant
1236 1409 1333 1461 studio
1344 1410 1427 1464 Jom·
1446 1426 1457 1471 q

187 1522 239 1577 tus.
258 1512 343 1567 inoliti
362 1508 500 1579 pontilicis
517 1505 657 1560 rimandi²
674 1503 829 1572 discipulus.
852 1503 989 1556 Rictrudis
1009 1499 1072 1557 eom
1094 1505 1233 1558 natabus⁸
1253 1507 1378 1570 duabus;
1399 1511 1427 1565 in

187 1613 310 1680 utrisque
322 1609 405 1663 etium
418 1621 482 1674 grex
497 1603 639 1674 plurimus,
656 1601 735 1655 celsis
748 1601 859 1654 illustris
872 1600 1026 1654 virtutibus.
1037 1601 1134 1655 Tantis
1151 1605 1295 1657 conlemor
1307 1607 1427 1661 limatus

187 1710 332 1781 copulatus
345 1705 471 1763 catervis.
480 1703 633 1757 addecebat
641 1701 757 1754 nimium
771 1699 831 1761 illis,
841 1700 916 1753 velut
927 1701 1018 1754 aureis
1029 1717 1138 1768 gemme
1148 1702 1300 1758 iabrieisO
1312 1709 1426 1774 quantis

187 1810 334 1864 ardoribus
354 1806 450 1860 incitor
467 1804 650 1873 qualibusque
667 1800 812 1855 conatibus
831 1800 953 1868 instigor,
971 1801 998 1853 in
1015 1801 1068 1869 piis
1086 1801 1213 1855 videlicet
1237 1803 1425 1872 spiritualium

187 1908 340 1979 germinum
355 1904 523 1975 prolectitius
534 1901 634 1971 quilius
655 1900 811 1954 tiorebant⁴
827 1900 914 1953 sancti
932 1898 990 1960 Dei,
1007 1899 1172 1953 honestius*
1189 1903 1296 1955 cunetis
1309 1907 1427 1960 ornati⁸
1445 1917 1463 1964 lt

187 2008 315 2063 floribus!
328 2006 393 2060 Ernt
405 2004 458 2057 illis
475 2017 537 2072 pax,
554 1998 782 2067 a1n0r‚pietosin
799 1997 969 2052 alterutrum.
981 1997 1054 2050 zelus
1071 2003 1098 2050 et
1116 1998 1247 2053 instantia
1264 2001 1423 2058 divinarum

189 2109 261 2162 circo
273 2107 403 2175 dogmate
421 2102 519 2170 legum.
532 2098 610 2153 Unde
626 2097 725 2166 singuli
745 2113 775 2149 se
795 2097 829 2150 ad
850 2096 920 2150 bene
938 2097 1074 2163 egendum
1096 2097 1214 2152 invicem
1236 2100 1425 2165 cohortantes,

188 2203 321 2273 exemplis
333 2202 425 2271 pretim
437 2199 553 2253 aetionis
564 2197 611 2251 olii
623 2197 691 2251 alios
703 2200 892 2266 provocantes.
903 2195 998 2264 sicque
1015 2195 1049 2248 de
1065 2195 1166 2249 virtute
1179 2196 1206 2249 in
1218 2197 1350 2252 virtutem
1364 2217 1425 2268 gro-

188 2303 305 2363 dienles,
319 2318 384 2355 voce
397 2305 425 2353 et
437 2315 518 2368 opere
539 2299 652 2351 devotos
669 2298 727 2350 Deo
744 2313 801 2350 suae
821 2295 917 2349 salutis
935 2295 1112 2349 celebrabant
1129 2296 1157 2349 in
1175 2297 1306 2350 omnibus
1319 2299 1424 2353 laudes.

191 2399 301 2453 Videres
314 2400 387 2451 huno
398 2397 424 2451 iu
438 2397 585 2451 virtutibus
597 2400 702 2448 ceteros
717 2395 813 2464 praeire
825 2394 1006 2454 contendere:
1018 2394 1125 2447 rideres
1141 2395 1226 2448 alium
1240 2411 1275 2448 ne
1288 2396 1336 2450 illo
1346 2399 1424 2452 inre-
1440 2408 1464 2459 ut

189 2499 293 2553 niretur
306 2496 418 2550 interior
428 2495 577 2549 elaborare.
590 2494 650 2549 Una
662 2493 796 2562 siquidem
810 2508 906 2545 omnes
919 2507 1034 2545 manens
1046 2491 1162 2545 intentio
1171 2493 1207 2545 ad
1218 2493 1299 2546 celsae
1309 2495 1424 2562 justitie

188 2598 297 2651 eulmen
310 2595 490 2649 sulivelrebot.
503 2594 534 2648 ln
547 2593 665 2662 quibust
678 2592 812 2646 Dominus
829 2591 894 2660 ipse,
906 2590 976 2643 sicut
987 2590 1125 2658 discipulis
1137 2591 1149 2625 ⁸
1160 2594 1333 2660 promiserat,
1346 2595 1423 2648 hebi·

190 2700 250 2749 tunu
263 2699 289 2748 et
302 2694 329 2747 in
341 2710 392 2747 suo
405 2691 516 2746 nomine
528 2694 705 2760 congregatos
717 2688 889 2752 benedicens,
902 2688 952 2757 ipsi
963 2688 1079 2756 populus
1091 2690 1150 2756 ejus
1168 2690 1265 2758 etipse
1279 2691 1353 2745 Deus
1365 2698 1424 2746 erat

191 2792 303 2847 eurum!

231 2888 290 2947 23.
315 2888 386 2956 Quid
405 2888 486 2953 igitur
503 2901 562 2944 nos,
580 2883 672 2937 miseri
690 2887 717 2935 et
737 2882 915 2946 miserabiles,
935 2882 1020 2952 iniqui
1039 2888 1067 2936 et
1087 2886 1265 2951 peccatores?
1287 2886 1356 2954 Quae
1373 2905 1422 2942 nos
1437 2901 1464 2951 u

191 2989 308 3049 tinnitos,
327 3003 387 3056 «gum
398 2983 512 3053 justitio,
529 2999 590 3051 qum
602 2981 732 3035 sanctitas
745 2980 895 3034 informat?
911 2980 992 3033 Nulla
1003 2981 1083 3048 plone
1096 2982 1220 3035 nunditia
1233 2987 1322 3046 tenet;
1335 2986 1422 3054 pietas

192 3088 266 3141 nullo
285 3088 455 3144 oornrnoret3
474 3081 530 3143 sed,
542 3097 650 3149 semper
666 3081 699 3133 ad
713 3080 785 3133 mole
802 3079 937 3148 agendum
950 3079 1130 3147 intentique
1148 3096 1233 3148 prava
1247 3087 1312 3136 sunt
1324 3083 1422 3148 lacere,

191 3203 252 3256 qum
266 3184 384 3255 pessimo
402 3176 465 3234 sunt
483 3179 670 3232 desideramus
682 3177 801 3247 implere.
814 3177 874 3231 Non
887 3177 970 3230 timer
987 3177 1096 3231 Domini
1111 3179 1121 3211 ¹
1139 3178 1204 3232 lucit
1216 3179 1355 3245 timentes,
1367 3199 1421 3237 non

192 3284 311 3340 termido
324 3298 384 3351 qum
397 3297 447 3334 nos
459 3278 624 3347 expectent²
636 3294 777 3346 poeuerum
791 3277 875 3330 elficit
887 3279 1048 3330 metuentes.
1060 3277 1129 3331 Cum
1141 3277 1243 3347 tlogitia
1255 3297 1318 3349 quae
1329 3298 1421 3353 perpe·

193 3390 297 3438 trumus
310 3400 326 3434 n
343 3379 422 3434 nobis
440 3379 526 3432 Deum
540 3378 620 3444 longe
638 3376 746 3440 faciunt,
759 3376 911 3430 timendum
930 3375 1009 3428 rulde
1021 3381 1063 3428 est
1075 3392 1109 3429 ne
1121 3376 1232 3443 dioboli,
1244 3378 1302 3432 Dee
1315 3397 1422 3451 semper
1436 3392 1465 3444 tu

191 3481 329 3547 contrarii,
343 3479 433 3549 laquei
446 3477 544 3547 ligatos
556 3493 607 3530 nos
619 3481 738 3540 teneant,
748 3475 848 3546 quibus
860 3474 976 3528 restricti
988 3475 1061 3529 bona
1079 3477 1186 3544 operari
1197 3493 1253 3531 non
1266 3478 1391 3535 valemus
1402 3482 1420 3534 ⁸.

193 3582 233 3637 tld
247 3579 372 3651 fugiendo
388 3595 452 3632 vero
462 3581 573 3647 peccota
585 3581 667 3644 atque
676 3575 806 3629 sectanda
816 3575 1063 3643 iustitim⁴monita
1073 3575 1205 3629 Dominus
1213 3576 1271 3646 ipse
1279 3578 1421 3648 alloquens

192 3682 323 3736 nilmonet
335 3679 354 3742 ὓ,
367 3683 395 3731 ot
415 3675 585 3744 negligimus.
598 3673 742 3728 Poenorum
755 3674 933 3728 acerbitatem
951 3672 1072 3727 minatur
1084 3678 1113 3726 et
1122 3676 1322 3743 postponimus.
1338 3679 1419 3748 Spon-

193 3782 239 3835 det
251 3779 344 3841 ritom,
358 3782 384 3830 ot
394 3780 541 3846 torpemus.
554 3773 692 3828 Premitlit
705 3774 820 3842 patriam
833 3773 980 3835 colestem,
992 3776 1020 3825 et
1028 3789 1084 3826 non
1092 3772 1267 3842 assurgimus.
1276 3774 1419 3842 Quinrero

198 3993 249 4031 ..ι
330 3991 334 4001 ·

227 3991 351 4127 Νιῗῖοὲὲ
363 3990 393 4111 ⁴-
406 4076 414 4107 ¹
427 4074 490 4126 odd.
499 4090 532 4124 mc
548 4073 572 4124 3.
591 4097 623 4109 -
635 4071 647 4103 ⁹
658 4073 698 4123 stc
709 4073 789 4123 etium
796 4071 918 4138 primii:
935 4088 1005 4124 corr.
1015 4089 1159 4139 perperam
1176 4071 1277 4126 Anruti.
1290 4102 1319 4111 -
1333 4074 1418 4128 ‘fllia-

194 4156 245 4212 bus
254 4158 280 4215 3;
294 4155 431 4210 natalibus
441 4156 466 4208 i.
479 4184 509 4191 -
519 4154 530 4187 ⁴
542 4153 571 4206 hi
584 4155 647 4207 odd.
658 4155 683 4213 3,
691 4154 716 4207 l.
725 4179 757 4192 ·-
769 4153 780 4186 ⁶
792 4156 831 4206 ita
843 4156 923 4206 etiam
931 4154 1052 4222 prius&
1062 4172 1131 4208 corr.
1141 4153 1271 4208 honestis.
1280 4183 1312 4194 —
1322 4157 1334 4191 ⁶
1341 4161 1418 4225 prius

195 4240 284 4293 rirnrui
297 4240 326 4290 3:
342 4240 388 4290 red
400 4255 469 4290 corr.
482 4235 613 4290 coronati.
625 4263 658 4273 —
670 4235 681 4269 ⁷
693 4238 733 4289 ita
744 4238 850 4289 videtur
861 4239 1000 4303 tegendum
1010 4256 1021 4302 ,·
1032 4239 1107 4291 codd.
1124 4253 1202 4304 quos.
1220 4267 1252 4274 -
1269 4239 1282 4272 ⁸
1298 4242 1338 4293 ito
1348 4240 1372 4303 3,
1387 4241 1417 4301 4;

223 4338 251 4372 si
374 4359 379 4372 .

194 4322 221 4375 dl
229 4318 397 4455 ffilggl—
409 4400 417 4434 ¹
430 4400 477 4454 llei
486 4402 510 4463 3,
518 4400 542 4453 i.
553 4429 584 4436 ·-
596 4400 608 4433 ²
620 4403 658 4452 lta
670 4402 774 4453 uidetur
784 4402 922 4464 legendum
932 4402 1024 4461 :codd
1034 4404 1166 4468 expectat·
1178 4401 1233 4439 -⁸
1249 4376 1417 4457 valeanus

197 4513 225 4523 -
237 4485 248 4518 ⁴
260 4484 455 4538 lleiu‹t‹1.3.-
468 4484 479 4515 ¹⁵
493 4483 537 4545 (ul.
550 4482 633 4546 edm.)
644 4482 795 4535 admonens
807 4481 927 4550 loquitur
937 4483 961 4546 3,
972 4483 996 4536 i.

229 4681 242 4709 ⁸
256 4680 322 4733 l'ide
335 4679 467 4747 reliqumu
482 4684 586 4732 textum
600 4680 659 4732 cod.
671 4682 688 4732 2
699 4679 734 4732 ad
746 4680 827 4733 llnem
842 4684 934 4733 textus
945 4680 1029 4734 trium
1042 4681 1209 4749 reliquorum
1221 4683 1355 4738 eodieum.
