3270 5400
176 268 252 347 226
514 291 642 345 cursu
667 292 772 346 conn.
796 292 1077 348 morocmnmc.

174 487 221 553 pat
232 498 298 539 rere
313 482 398 538 tuisse
416 499 481 553 quae
491 484 621 553 pedicis
635 488 709 547 sunt,
727 484 770 538 rir
785 483 832 538 ille
848 488 948 538 cuneta
963 485 1152 540 manifestarit
1168 487 1278 541 cuidam
1295 488 1412 543 moniali

174 582 280 653 peremti
290 582 462 647 monasterii,
473 599 536 653 quas
546 582 687 637 ῦὴήιίίιη
698 589 820 638 vocetur.

209 684 274 753 Cup.
291 683 377 736 XXV
386 690 449 751 post
466 683 520 737 isc
535 684 616 736 serbo
633 681 769 736 Trinitate
786 682 914 737 dilectam
933 684 973 751 (p.
988 686 1053 738 m)
1069 686 1162 739 odd..-

206 780 352 851 Snpersies
362 785 405 834 est
415 796 503 849 usqm
514 781 549 834 ad
562 781 636 834 hanc
646 780 720 834 dien
732 781 792 835 baee
807 796 928 851 persona
946 782 1109 836 renenbilis
1120 787 1149 836 et
1164 783 1257 837 adhue
1268 785 1413 842 existimat

173 893 204 933 se
213 877 242 932 in
252 877 306 932 hac
318 878 374 931 rita
385 877 432 931 din
444 893 556 931 manere
574 877 759 947 superstitem.
767 876 835 944 Qua
845 878 1082 946 quemadmodum
1093 879 1244 947 spiritualis
1261 885 1291 934 et
1305 887 1411 936 nnete
1425 891 1442 940 t

173 976 391 1032 conversationis
399 992 459 1030 esse
467 975 618 1030 dinoscitur
630 974 718 1030 muita
729 976 830 1029 meruit
840 976 910 1030 scire
919 977 954 1031 de
964 978 1077 1032 seeretis
1086 983 1115 1031 et
1125 978 1346 1033 revelationibus
1354 980 1410 1034 Ide

175 1073 509 1144 diledoesuae.i)eqnibus
521 1075 555 1128 ed
564 1090 685 1143 presens
696 1073 788 1145 aliqua
796 1074 993 1131 dicendasunt

210 1176 276 1245 Cap.
293 1175 393 1228 XXIX
404 1177 548 1242 premiaco
564 1180 628 1228 eunt
644 1193 654 1226 :

207 1271 344 1341 Quoniam
354 1287 490 1342 perpauca
498 1271 532 1325 de
546 1271 811 1326 considerationibus
818 1270 863 1325 vel
876 1272 969 1340 potius
976 1273 1256 1341 contemplationibus
1263 1289 1313 1327 seu
1323 1274 1409 1328 etiam

174 1370 209 1426 de
227 1369 371 1425 virtutibus
382 1368 546 1425 venerabilis
562 1369 647 1436 hujus
665 1367 777 1438 virginis
793 1368 927 1423 haetenus
943 1369 973 1423 in
990 1369 1113 1424 medium
1130 1371 1240 1439 protuli,
1253 1388 1407 1440 congruum
1428 1385 1450 1435 it

173 1466 243 1537 mibi
252 1467 341 1522 visum
353 1470 403 1530 est,
414 1470 446 1520 ut
462 1470 610 1534 antequam
630 1465 665 1519 ad
676 1464 827 1534 gloriosum
844 1465 904 1533 ejus
921 1466 1066 1520 transitum
1079 1467 1198 1531 veniam,
1211 1468 1409 1524 multimodam

172 1564 442 1635 contemplationem,
459 1564 601 1619 caritatem
620 1568 649 1618 et
665 1563 893 1632 compassionem,
911 1563 1106 1629 humilitatem,
1122 1565 1310 1620 obedientiam
1322 1573 1409 1637 atque

172 1664 333 1736 patientiam
345 1665 406 1734 ejus
415 1663 534 1718 breviter
545 1663 710 1727 describens,
723 1662 866 1733 tamquam
879 1663 1037 1717 delicatiora
1054 1663 1158 1718 fercuta
1174 1665 1302 1734 qrmdam
1315 1667 1409 1736 tepen-

171 1764 246 1821 tibus
263 1769 290 1819 et
307 1763 481 1819 audientibus
493 1763 528 1817 ad
545 1762 762 1817 consolationem
774 1763 929 1816 animarum
940 1763 1053 1816 offeram
1066 1782 1073 1816 ε
1086 1779 1165 1818 more
1176 1780 1274 1818 eorum
1283 1764 1333 1832 qui
1344 1773 1411 1835 post

172 1863 349 1919 reiectionem
366 1879 512 1933 corporum
530 1861 635 1931 species
652 1861 787 1931 quasdam
799 1860 959 1925 odoriferas,
977 1861 1035 1915 sive
1049 1861 1125 1915 aliud
1142 1862 1208 1931 quid
1225 1863 1301 1932 quod
1314 1865 1409 1933 palato
1427 1879 1450 1929 u

171 1962 291 2033 apicius
302 1978 362 2018 esse
373 1962 468 2032 possit,
479 1966 589 2031 gustare
601 1964 811 2017 consueverunt

205 2063 270 2131 cap.
288 2061 420 2115 XXXIII
430 2068 491 2129 post
509 2061 588 2114 uerbo
605 2058 728 2128 periculo
746 2059 847 2113 versari
867 2061 907 2128 (p.
923 2061 987 2125 289)
1006 2061 1096 2114 odd:

203 2160 307 2216 Deinde
318 2159 490 2214 subinferens
502 2177 509 2213 ε
524 2159 546 2213 0
561 2158 771 2227 quamlibenter,
786 2156 1025 2227 inquit,oobieeum
1040 2165 1152 2225 protum
1163 2159 1254 2213 adduc
1264 2163 1407 2216 mium

169 2261 337 2331 susurrium,
354 2260 402 2313 sed
417 2261 496 2312 tirueo
514 2275 546 2311 ne
558 2273 665 2311 sorores
681 2272 744 2310 mea
759 2256 812 2309 duc
828 2258 937 2319 ueniant
948 2257 985 2309 ad
999 2273 1050 2323 me,
1063 2273 1182 2324 quarum
1192 2259 1317 2333 pintae
1329 2277 1407 2315 meus

168 2361 279 2413 minime
290 2360 423 2412 ruste'nere
439 2363 527 2426 poscet
544 2357 730 2424 impuritatem
748 2357 898 2423 spirituum
915 2372 1019 2421 eorum,
1031 2371 1084 2408 uon
1103 2357 1176 2424 quod
1192 2373 1288 2409 earum
1306 2359 1406 2413 obdor-
1422 2369 1450 2420 ι

169 2474 244 2513 reum
260 2459 496 2521 conversationem,
507 2471 569 2508 cum
586 2455 722 2508 Dominus
732 2461 757 2507 et
773 2455 848 2507 Deus
859 2470 935 2507 meus
945 2471 986 2507 me
1003 2456 1138 2523 quondum
1156 2455 1289 2509 desolate
1306 2474 1406 2511 eorum

169 2563 268 2610 esrum
279 2557 437 2609 reddiderit.
450 2552 580 2608 Gamales
591 2550 727 2621 siquidem
740 2567 849 2605 sorores
861 2551 920 2620 ejus
932 2567 993 2621 quae
1009 2552 1037 2606 in
1048 2551 1175 2621 proximo
1186 2553 1289 2607 domus
1300 2555 1404 2625 angulo

169 2652 348 2724 quiescebant
364 2669 381 2706 a
397 2668 495 2706 somno
508 2650 704 2720 expergefacta
716 2653 802 2703 erant.
818 2648 896 2704 Tunc
914 2650 1013 2703 ancilla
1030 2649 1130 2704 Christi
1144 2649 1209 2704 item
1227 2651 1403 2709 abbatissam

169 2751 284 2817 monuit,
295 2757 326 2806 ut
334 2768 350 2805 a
359 2750 420 2805 ioco
433 2767 450 2804 a
462 2766 517 2819 quo
524 2749 634 2817 jacebat
645 2749 826 2819 adventantes
837 2754 943 2802 arceret
956 2749 1088 2818 quoniam
1096 2749 1168 2803 sicut
1178 2750 1239 2818 ipsa
1248 2752 1405 2808 testabatur

169 2849 327 2920 magnitudo
340 2848 553 2918 tranquillitatis.
566 2864 650 2918 quam
660 2846 774 2901 interius
787 2847 816 2901 in
825 2846 922 2916 spiritu
931 2863 982 2901 suo
994 2847 1138 2913 sentiebat,
1146 2847 1315 2904 infirmitatis
1327 2851 1404 2908 doto
1429 2860 1450 2909 ἵ

168 2964 212 3004 res
220 2949 394 3018 etanqustius
403 2965 464 3003 earn
477 2947 579 3003 sentire
586 2963 642 3003 non
652 2944 835 3015 permittebat.

386 3149 515 3221 Incipit
537 3151 708 3222 prologus
734 3150 780 3209 cie
800 3148 984 3210 miraculis
1004 3151 1177 3223 eiusdem.

200 3340 341 3410 Descripta
357 3340 478 3395 breviter
497 3343 592 3394 sancta
609 3339 819 3396 conversatione
837 3339 948 3408 virginis
964 3346 1073 3408 nostrae,
1090 3341 1118 3396 in
1138 3359 1194 3411 qua
1209 3348 1358 3416 tamquam
1374 3349 1405 3405 iu

166 3440 277 3511 speculo
284 3439 404 3510 quodam
414 3438 582 3493 lucidissimo
589 3438 705 3507 quilibet
713 3438 836 3493 curiosus
845 3438 982 3509 inspector
990 3441 1034 3495 vel
1043 3441 1180 3496 deiectum
1190 3443 1233 3506 vel
1243 3446 1404 3513 proiectum

166 3558 246 3597 suum
261 3540 332 3595 valet
343 3539 452 3604 intueri,
467 3555 575 3593 cessure
585 3539 714 3607 proposui
727 3538 862 3607 ampliora
872 3540 1000 3594 scribere.
1011 3540 1065 3594 Sed
1076 3557 1140 3596 ecce
1148 3542 1221 3598 ultro
1230 3560 1261 3599 se
1273 3546 1412 3616 ingerunt

166 3641 291 3710 quiedam
301 3638 512 3707 miraculaque
525 3637 567 3692 vel
580 3637 614 3691 ad
624 3637 782 3707 sepulcrum
792 3637 916 3706 ejusdem
928 3638 1039 3708 virginis
1049 3639 1091 3695 vel
1104 3640 1170 3695 alibi
1179 3643 1364 3714 contigerunt,
1371 3652 1413 3702 ut

77 3777 84 3792 .
167 3755 184 3796 a
203 3756 248 3794 me
266 3738 367 3808 scripto
386 3737 647 3791 commendarentur
656 3738 678 3790 ⁸.
691 3736 824 3804 Quamvis
842 3736 915 3791 enim
933 3737 1103 3793 admirabilis
1121 3740 1181 3809 ejus
1197 3740 1256 3796 vita
1273 3744 1414 3801 minnere

9 3826 12 3850 ¹
82 3908 88 3923 1
124 3828 133 3841 ’
167 3835 386 3907 possitiidelibus
398 3836 432 3889 ad
442 3834 745 3905 proiectummiracula
755 3838 849 3889 tamen
857 3835 1052 3903 qumiortassis
1061 3837 1094 3891 ad
1104 3837 1237 3893 indicium
1246 3831 1412 3899 sanctiude

166 3936 226 4006 ejus
244 3935 377 3991 Dominus
394 3938 523 4004 operatus
540 3937 589 3998 est,
606 3950 662 3989 uon
679 3933 768 4003 patiar
784 3933 954 3989 infructuoso
966 3934 1076 3990 silentio
1094 3936 1160 4007 tegi;
1178 3939 1311 4007 quatinus
1327 3942 1411 3997 Deus

167 4040 259 4091 noster
271 4033 445 4102 omnipotens
456 4032 505 4102 qui
517 4032 545 4087 in
554 4049 655 4102 sponsa
666 4049 715 4087 sua
725 4048 788 4087 cum
798 4031 958 4087 hominibus
971 4034 1062 4088 adhuc
1074 4041 1257 4092 conversante
1266 4039 1403 4095 mirabitis
1443 4066 1450 4077 ·

166 4134 250 4191 luisse
261 4131 430 4203 predicatur,
443 4136 634 4201 postmortem
647 4131 829 4186 nihilominus
839 4131 974 4187 mirabilis
986 4133 1014 4187 in
1030 4132 1227 4189 miraculorum
1241 4138 1398 4195 ostensione

166 4233 335 4303 predicetur.
357 4228 512 4301 mpuott
531 4229 712 4300 prologus.
