3270 5400
229 386 317 435 aran.
338 385 419 438 anu.
437 385 610 436 sarxena.
629 407 674 416 —
694 385 840 436 apruno.
860 386 906 437 ru
924 386 1003 437 uon.
1022 377 1061 436 κο
1078 385 1154 437 narr.
1239 365 1307 439 115

241 694 278 736 ur
301 693 478 737 ravennnae
501 693 639 737 nsusonn.
663 672 739 752 (Cli.
763 694 872 755 supra,
895 694 967 756 pag.
994 676 1060 751 156,
1082 672 1140 757 ll.)

260 875 390 948 Incipit
410 876 569 936 inventio
589 875 751 947 corporis
771 876 930 948 ejusdem
950 875 1117 947 vngtnts.

120 1065 152 1121 1.
177 1065 344 1119 inuentionis
355 1065 560 1134 gloriosissimae
572 1066 684 1133 virginis
696 1071 723 1119 et
736 1067 863 1134 martyris
876 1067 1032 1119 liatlrerinre
1049 1068 1185 1121 celebrem
1198 1086 1305 1122 memo-

79 1164 155 1224 riam,
164 1163 238 1217 omni
251 1178 362 1232 prorsus
374 1163 482 1216 honore
492 1163 685 1222 venerandam,
698 1162 883 1216 devotissimis
893 1162 1031 1216 mentibus
1040 1164 1201 1228 recolamus,
1213 1170 1306 1233 quate

81 1278 131 1314 nus
140 1262 222 1330 ipsius
233 1261 378 1318 mirabilia.
390 1278 451 1330 quae
464 1278 511 1330 per
529 1278 589 1315 eam
609 1261 735 1314 Salvator
746 1267 840 1314 noster
852 1262 960 1328 operari
973 1262 1100 1331 diguatus
1112 1270 1162 1324 est,
1171 1264 1306 1318 universis

53 1366 68 1414 5
82 1360 176 1413 Christi
188 1361 313 1415 fidelibus
326 1362 506 1415 innotescant.
516 1361 673 1413 Graecorum
692 1377 811 1428 namque
824 1361 1002 1428 interpretum
1017 1361 1089 1414 lideli
1103 1362 1236 1417 relatione
1248 1379 1307 1431 per·

86 1461 200 1527 cepimus
212 1461 397 1514 venerandum
407 1476 506 1528 corpus
519 1460 678 1528 augelorum
692 1476 769 1512 sacro
778 1458 930 1513 ministerio
944 1460 970 1512 in
984 1467 1107 1514 montem
1121 1462 1211 1530 synay
1223 1463 1307 1516 inisse

88 1556 206 1611 delatum.
225 1558 254 1611 ln
267 1558 345 1625 cujus
362 1557 463 1611 vertice
475 1558 577 1611 montis
589 1574 651 1611 cum
665 1558 740 1610 omni
758 1573 871 1611 suorum
885 1558 1039 1626 integritate
1051 1561 1240 1614 membrorum
1253 1562 1307 1630 ple·

90 1652 305 1710 nissimacentum
319 1656 429 1724 triginta
442 1656 524 1708 trium
538 1672 672 1709 annorum
686 1657 775 1724 spatio
794 1673 856 1709 cum
868 1657 983 1710 dimidio
996 1658 1131 1712 curriculo
1148 1660 1307 1728 permansit.

92 1750 354 1819 Guiustnmslatiouis
365 1770 486 1816 causatu,
496 1754 519 1807 si
531 1754 605 1816 libet,
616 1754 712 1806 fratres
724 1755 860 1809 karissimi
875 1756 1087 1825 dulcissimique,
1098 1758 1250 1811 audiamus.

53 1858 79 1906 tt
129 1848 158 1907 2.
179 1852 270 1905 Fertur
285 1853 359 1906 enim
372 1853 445 1921 quod
461 1852 613 1905 Maxentius
635 1851 784 1920 imperator·
795 1857 872 1905 tanto
885 1853 1006 1907 libidinis
1020 1860 1121 1908 conatu
1134 1855 1161 1907 in
1174 1855 1304 1921 virginem

97 1947 177 2003 luisset
184 1951 334 2018 depressus,
346 1950 419 2017 quod
433 1965 488 2002 non
499 1949 608 2002 aliunde
621 1949 672 2001 nisi
685 1966 733 2017 per
749 1965 912 2002 consensum
927 1955 1033 2018 poterat
1046 1952 1104 2019 ejus
1116 1954 1253 2020 appetitus
1265 1970 1306 2006 sa·

98 2045 1306 2117 tiariouiacrno.saeravirginitateretinente‘,invitarirginisconstantiamriucerenon

100 2150 266 2217 peantpost
283 2142 401 2201 mortem
419 2152 523 2200 temere
541 2147 643 2200 violare
660 2147 805 2215 cogitabat.
817 2148 895 2201 Unde
914 2150 1015 2202 lactum
1035 2155 1122 2211 estut,
1135 2168 1196 2204 cunr
1208 2152 1306 2218 judicis

102 2245 245 2311 nequisuma
261 2247 397 2300 sententia
417 2246 538 2316 palmam
560 2247 682 2313 martyrii
703 2248 860 2314 accepisset,
879 2264 987 2301 sursum
1009 2266 1057 2317 per
1074 2248 1186 2317 angelos
1207 2267 1306 2318 corpus

62 2348 88 2397 tt
102 2356 167 2396 suum
181 2345 350 2399 deferendum
364 2347 392 2399 iu
404 2351 524 2399 montem
544 2346 633 2413 Synay
652 2345 768 2399 traditur
785 2346 984 2399 collocandum.
997 2348 1040 2400 Sic
1059 2349 1131 2401 enim
1144 2351 1216 2417 quod
1233 2350 1305 2416 jura-

104 2446 179 2495 mento
187 2444 340 2498 ilmravcrat
356 2444 506 2513 imperator
516 2444 708 2512 nequissimus,
726 2444 835 2514 explere
853 2461 908 2498 non
926 2448 1022 2514 potuit.
1042 2446 1074 2511 Ο,
1086 2446 1206 2516 iuquam,
1219 2449 1306 2502 admi·

104 2538 174 2593 rabile
183 2544 343 2612 mysterium,
356 2543 401 2597 ubi
414 2560 469 2596 nou
487 2543 573 2596 deluit
590 2543 749 2610 angelorum
763 2544 969 2597 commercium.
982 2545 1125 2599 Postremo
1143 2546 1305 2600 admiranda

105 2637 304 2711 curdbuequitia,
313 2659 375 2711 quac
386 2642 598 2711 insuperabilem
614 2641 796 2710 virginitatem
809 2659 937 2711 superare
948 2643 1094 2697 nitebatur.

138 2734 301 2794 &luculano
312 2741 340 2794 in
349 2757 405 2809 quo
414 2740 499 2808 bluysi
507 2739 670 2808 quamplura
679 2740 757 2809 signa
766 2744 848 2808 atque
858 2739 980 2808 prodigia
989 2747 1054 2793 sunt
1062 2747 1181 2803 ostensa,
1191 2743 1235 2795 ubi
1246 2758 1306 2812 per·

67 2838 93 2889 n
105 2833 172 2888 tussit
184 2835 281 2906 lioyses
298 2836 404 2905 virgula
420 2840 524 2905 petram
538 2836 643 2888 ariciam
661 2840 744 2903 atque
756 2851 790 2888 ex
808 2852 840 2889 ea
852 2818 991 2890 fluxerunt
1008 2854 1087 2906 aquae
1099 2838 1306 2906 limpidissimae,

107 2931 163 2985 uude
176 2938 339 2990 transeuntes
356 2934 403 2988 liiii
422 2934 525 2988 Israhel
542 2951 618 2988 mare
639 2935 763 2988 Rubrum
782 2935 873 2988 satiati
895 2940 958 2988 sunt
979 2936 1179 3005 aedificavitque
1201 2938 1306 3006 Moyses

106 3024 173 3083 ellare
186 3033 304 3098 Domino,
316 3033 353 3087 ibi
371 3033 449 3102 lapsu
461 3033 593 3102 temporis
605 3033 698 3086 diviua
710 3033 878 3087 concedente
889 3034 976 3101 gratia
994 3033 1066 3087 circa
1078 3051 1181 3088 annum
1195 3035 1306 3088 Domini

10 3144 14 3193 ;
107 3126 374 3200 Quingentesimum
395 3131 633 3201 quadragesimum
653 3132 804 3185 secundnm
824 3132 874 3185 riri
894 3132 1006 3200 quidam
1029 3133 1174 3187 sanctitate
1192 3134 1306 3203 praepol-

10 3238 21 3265 ='·
107 3220 360 3299 leniesperrenerunt
368 3231 404 3284 Et
415 3237 493 3284 eraut
505 3231 541 3284 ibi
555 3231 696 3299 aliquanto
707 3231 838 3299 temporis
850 3231 995 3284 intervallo
1005 3232 1138 3286 Salvatori
1148 3248 1199 3286 suo
1211 3233 1306 3287 laudes

71 3328 96 3378 li
107 3319 188 3381 debitas
202 3330 396 3400 impendentes,
414 3335 495 3398 prout
512 3330 611 3383 melius
628 3330 764 3399 explicare
775 3336 910 3398 poterant.
929 3330 970 3384 Ad
990 3332 1192 3400 suggestionem
1211 3337 1305 3385 antem

109 3415 184 3478 inlabi
208 3428 414 3483 innumerabilis
442 3429 592 3482 draconum
618 3434 701 3497 atque
721 3429 888 3497 serpentium
910 3433 1119 3498 ceterorumque
1143 3430 1304 3483 animalium

109 3530 275 3580 'Quemnam
293 3542 425 3581 numerus
436 3541 533 3579 eorum
548 3526 608 3579 loca
626 3525 777 3594 occupavit,
795 3527 833 3579 ita
850 3530 881 3578 ut
899 3526 1028 3579 arbomm
1048 3527 1161 3589 radices
1178 3527 1260 3580 llores
1278 3532 1306 3581 et

109 3612 186 3676 l'ttius
193 3625 317 3695 colligere
333 3641 391 3679 non
409 3624 531 3679 valerent
542 3632 569 3679 et
581 3626 675 3679 omnia
687 3641 782 3678 eorum
795 3624 925 3678 alimenta
940 3626 1023 3679 victui
1036 3627 1190 3679 necessaria
1207 3626 1305 3679 defice·

110 3720 380 3780 natatuihbominus
391 3725 536 3778 venenosis
548 3725 722 3793 scorpionum
744 3725 883 3778 morsibus
900 3724 983 3792 aliqui
1002 3740 1035 3777 ex
1055 3724 1119 3793 ipsis
1137 3725 1306 3778 interierant.

75 3812 99 3865 ὃ)
110 3810 194 3883 Propter
202 3824 273 3892 quud
283 3825 379 3878 dolore
387 3823 473 3877 nimio
482 3823 597 3886 confusi,
607 3823 694 3876 coacti
704 3829 766 3876 sunt
777 3823 824 3891 qni
834 3823 1043 3891 superstiterunt
1052 3823 1143 3876 locum
1156 3823 1209 3876 sibi
1218 3824 1304 3891 aptio·

110 3923 151 3967 Μ
159 3934 197 3986 per
205 3923 310 3977 deserta
321 3922 405 3976 lndire
417 3922 573 3992 perquirere
585 3928 724 3990 coeperunt
736 3924 758 3975 *.
770 3921 900 3975 Unanimi
913 3938 977 3989 ergo
990 3938 1126 3974 consensu
1138 3922 1304 3986 recedentes,

111 4008 280 4086 brbpnnitus
291 4021 416 4076 oratione
428 4021 557 4075 fuderunt
570 4035 664 4089 preces
673 4020 799 4074 Domino.
809 4019 851 4073 Ad
861 4025 958 4074 nutum
969 4037 1033 4088 ergo
1043 4020 1193 4073 Salvatoris
1203 4021 1305 4074 intacta

110 4104 229 4187 “aaran
240 4109 305 4191 ipsis
315 4120 482 4175 distantibus
492 4138 509 4173 a
520 4120 581 4173 loco
595 4122 724 4190 praedicto
738 4136 787 4188 per
797 4120 853 4173 duo
865 4119 993 4183 miliaria,
1012 4120 1139 4173 occurrit.
1151 4119 1227 4186 Quos
1245 4119 1305 4188 ipsa

110 4214 182 4271 ΜΕ
191 4219 352 4275 salutatione
368 4220 413 4274 his
424 4221 517 4275 verbis
534 4221 652 4273 affatur:
670 4221 766 4285 Dicite,
781 4219 877 4288 inquit,
889 4221 960 4272 uarie
972 4222 1105 4272 seruistis?
1123 4228 1170 4272 urit
1182 4237 1234 4287 quo
1251 4228 1305 4273 ten·

74 4304 237 4386 Riitbttpsis
247 4326 341 4374 autem
350 4319 482 4384 attonitis,
491 4335 601 4373 causam
614 4319 656 4372 sui
667 4335 789 4372 recessus
798 4319 887 4372 eidem
897 4318 1000 4371 referre
1010 4318 1191 4371 conabantur.
1201 4319 1307 4373 Rursus

108 4403 166 4472 iillut
175 4415 240 4484 ipsos
255 4419 300 4472 hie
317 4418 410 4474 verbis
422 4418 587 4483 consulatur,
598 4418 692 4472 dicens
705 4438 711 4470 :
730 4420 821 4472 Enete
832 4425 982 4471 corrstuutrs
990 4436 1000 4482 ,·
1013 4419 1132 4470 viriliter
1143 4420 1221 4484 cpite,
1233 4435 1307 4487 apem

41 4586 44 4591 Ι
106 4503 199 4571 labate,
209 4520 236 4571 in
249 4520 472 4585 Dominamque
484 4522 510 4572 ai
516 4521 630 4585 faceritis
644 4520 754 4570 assidui
765 4526 895 4582 oratores,
904 4519 945 4568 nil
961 4518 1032 4569 robis
1044 4519 1081 4568 orl
1092 4518 1206 4569 sulutem
1217 4525 1241 4570 et
1250 4520 1308 4571 citu

107 4615 173 4666 “dra
181 4634 255 4669 crura
271 4618 369 4671 creoda
379 4618 467 4671 deesse
478 4620 614 4671 denuntio.
635 4619 728 4683 eroeeo
745 4625 859 4681 brutum,
872 4618 1041 4668 recontrabat
1057 4632 1090 4668 cx
1107 4616 1159 4668 Del
1176 4619 1309 4670 uoluntate

105 4709 158 4760 aare
165 4719 273 4770 reninis.
284 4715 484 4770 Husiiantibns
494 4732 560 4770 vero
573 4716 639 4784 ipsis
656 4721 684 4770 et
695 4715 886 4785 ignorantibus
899 4714 977 4783 cujus
989 4720 1060 4768 esset
1072 4715 1117 4767 hic
1128 4731 1227 4779 sermo,
1240 4715 1309 4769 alter

1391 2059 1405 2088 *¹
1417 2078 1469 2127 pro

1351 2125 1506 2179 renitente?
