3270 5400
383 326 431 400 58
467 396 474 403 ,
719 349 846 402 aaron.
871 351 975 402 cono.
1002 350 1277 403 naalooasrmc.

384 554 424 591 me
434 540 605 606 temporalem
617 539 743 592 adhihm
751 541 900 601 tristitiom,
912 541 991 605 cujus
999 542 1096 593 merito
1104 542 1180 608 opud
1191 542 1277 594 Deum
1289 549 1366 594 mato
1378 558 1436 595 esse
1446 558 1501 594 non
1513 542 1615 606 dubito,

384 642 414 690 ut
421 653 471 705 per
479 644 503 690 te
515 654 555 690 me
564 654 641 704 posse
651 640 759 690 credam
770 646 871 691 atem
880 639 1020 704 felicitatis
1036 656 1097 692 cum
1107 643 1210 694 suadis
1223 642 1344 707 adipisci
1352 643 1482 694 maiam.
1503 641 1546 692 Tu
1557 643 1616 708 ipse

384 749 451 801 quos
459 734 553 787 desero
562 736 701 801 srrscr'pies,
712 742 741 786 tu
751 737 781 787 in
791 736 844 800 {ide
852 736 990 800 solidabis,
1001 741 1031 787 tu
1043 737 1210 803 rasponus
1217 737 1382 804 providebis.
1393 737 1504 789 Etenim
1515 752 1616 789 monus

385 832 498 885 Domini
510 833 693 885 auxiliabitur
703 833 754 885 tibi
764 840 787 885 et
804 834 946 885 brachium
961 835 1021 899 ejus
1037 835 1204 899 confirmabit
1216 842 1247 887 te.
1259 834 1323 887 Haec
1335 838 1364 886 et
1380 833 1424 887 his
1441 833 1544 887 similia
1562 833 1616 886 illis

385 929 540 983 alternatim
552 931 742 996 referentibus,
753 947 836 999 quern
853 931 1015 985 confluentis
1032 931 1124 1000 populi
1144 932 1290 986 lacrimosa
1307 933 1425 1001 suspiria
1444 948 1502 986 non
1519 949 1616 986 move·

387 1035 454 1097 rent,
466 1029 509 1082 cui
522 1030 669 1083 mtanhum
688 1029 902 1098 frequentissimi
919 1030 1054 1098 singultus
1071 1047 1156 1084 venas
1172 1031 1281 1100 pietatis
1298 1048 1354 1085 non
1371 1031 1533 1100 aperirent?
1544 1030 1617 1097 Quia

387 1144 451 1181 vero
470 1128 563 1181 omnia
575 1146 636 1197 qua.
655 1128 691 1182 ibi
704 1133 781 1197 gesta
792 1134 864 1194 sunt,
875 1145 926 1182 uec
938 1135 1061 1183 nostrum
1079 1134 1121 1182 est
1135 1147 1271 1193 enarrare,
1282 1147 1333 1184 uec
1351 1147 1506 1199 possumus,
1524 1135 1617 1184 cetera

385 1228 597 1282 considerationi
611 1228 803 1296 relinquentes,
812 1245 899 1298 pauca
910 1244 972 1296 quae
984 1229 1099 1281 dicenda
1110 1234 1264 1298 supersunt,
1275 1246 1481 1298 prosequamur.
1494 1229 1616 1284 Adunati

384 1343 448 1395 ergo
460 1328 558 1380 tratres
570 1328 692 1396 lugentes
707 1327 934 1397 prestolabantur
944 1328 1047 1381 exitum
1061 1328 1127 1396 ejus,
1136 1329 1277 1397 evangelia
1285 1329 1389 1383 scilicet
1399 1329 1520 1398 legentes
1532 1334 1617 1398 atque

384 1425 504 1495 psalmos
521 1432 549 1479 et
564 1427 681 1495 hymnos
698 1443 792 1480 coram
805 1427 904 1480 lectulo
921 1427 1106 1480 decantantes.
1119 1427 1167 1480 llle
1185 1444 1250 1480 vero
1267 1428 1339 1481 inter
1355 1429 1415 1481 hac
1431 1428 1519 1482 dixit:
1537 1430 1618 1482 Silere

381 1527 535 1592 poulrrlum.
544 1525 621 1579 Tunc
632 1525 676 1579 ille
693 1525 828 1594 supplices
838 1526 932 1579 oculos
944 1543 1006 1579 cum
1019 1526 1147 1579 manibus
1157 1526 1193 1579 ad
1205 1526 1304 1579 coelurn
1316 1526 1435 1590 elevans,
1445 1527 1492 1581 diu
1502 1529 1616 1582 tacitam

383 1640 491 1693 precem
509 1625 595 1687 tudit;
614 1629 677 1693 post
696 1625 825 1695 pusillum
844 1625 941 1678 annuit
951 1628 983 1678 ut
1001 1629 1139 1679 canerent.
1151 1625 1224 1678 lnter
1239 1626 1291 1679 has
1308 1624 1389 1694 igitur
1406 1642 1487 1680 voces
1504 1627 1616 1681 veniam

383 1723 518 1777 univorsis
529 1729 626 1792 petens
643 1730 725 1792 atque
743 1724 907 1786 valedicens,
923 1723 963 1777 sic
974 1729 1069 1777 sancta
1092 1724 1138 1777 illa
1154 1724 1248 1778 anima
1264 1725 1298 1778 de
1316 1725 1369 1778 hac
1378 1725 1437 1779 luce
1450 1726 1512 1779 laeta
1520 1727 1618 1781 Idibus

385 1820 554 1891 Septembris
566 1824 722 1891 properavit
730 1824 765 1877 ad
775 1823 932 1876 Dominum.

430 1917 485 1976 12.
510 1918 629 1972 Tantum
655 1919 755 1972 ibidem
779 1919 807 1972 in
830 1919 946 1973 transitu
969 1919 1054 1988 ipsius
1082 1924 1183 1973 sanctie
1206 1919 1306 1973 anima
1332 1920 1360 1973 in
1388 1921 1472 1974 domo
1501 1920 1548 1974 illa
1576 1927 1618 1977 est

221 2018 303 2095 ‘eoa
386 2018 533 2087 fragrantia
560 2018 573 2047 ⁸
600 2016 691 2070 odoris
719 2032 837 2085 aspersa,
866 2034 898 2070 ac
923 2017 946 2070 si
974 2016 1073 2070 domus
1098 2016 1144 2069 illa
1169 2017 1298 2070 omnihus
1324 2018 1495 2071 aromatibus
1520 2019 1619 2073 fuisset

171 2082 352 2152 ‘mmmm'
386 2115 475 2186 plena.
488 2118 587 2169 Sancta
599 2114 728 2168 nimirum
741 2114 834 2168 anima
846 2115 873 2168 in
886 2114 953 2168 eoelo
972 2114 1191 2183 repromissionis
1207 2114 1307 2183 adepta
1317 2114 1440 2182 gloriam,
1456 2115 1519 2168 ticet
1531 2115 1618 2184 piissi-

386 2231 448 2268 mus
460 2214 542 2267 levita
552 2214 711 2267 Mauruntus
721 2213 788 2266 tanti
803 2213 852 2266 viri
864 2213 962 2266 solatio
975 2212 1121 2266 destitutus
1133 2213 1293 2277 tristaretur,
1306 2213 1511 2282 diligentissime
1523 2217 1618 2268 tamen

386 2314 533 2367 accurabat
546 2313 674 2381 (quatinus
693 2312 805 2365 interra
821 2328 920 2382 corpus
932 2312 1090 2381 dignissime
1108 2311 1279 2365 conderetur.
1295 2311 1370 2365 More
1387 2329 1451 2381 ergo
1467 2313 1617 2382 sepeliendi

386 2429 500 2482 corpore
517 2417 670 2476 attrectato,
688 2411 839 2464 maximum
858 2410 921 2464 terri
939 2412 1046 2480 pondus
1063 2411 1097 2464 de
1115 2411 1185 2464 collo
1203 2427 1285 2480 supra
1302 2417 1396 2480 pectus
1413 2413 1473 2480 ejus
1492 2413 1617 2481 pendens

388 2511 528 2565 inventum
541 2516 590 2574 cst,
603 2511 676 2578 quod
690 2510 817 2563 videlicet
828 2510 1010 2563 certissimum
1022 2509 1135 2563 occultas
1150 2509 1305 2563 afflictionis
1320 2511 1437 2578 signum,
1449 2511 1520 2564 sicut
1531 2511 1618 2580 praeli·

386 2609 521 2670 bavimus,
533 2609 703 2672 habuerunt3
715 2627 770 2678 quo
783 2610 865 2664 etiarn
875 2610 953 2678 signo
965 2609 1116 2663 sanctitatis
1129 2627 1191 2663 cum
1207 2609 1268 2664 aliis
1283 2610 1431 2663 virtutibus
1442 2609 1618 2674 clarescente,

388 2706 462 2760 illum
476 2706 581 2775 gaudiis
595 2712 751 2760 sanctorum
763 2708 819 2776 Jam
836 2707 967 2761 interesse
980 2707 1139 2761 omnimodo
1151 2708 1333 2761 crediderunt.
1346 2708 1470 2776 Cumque
1482 2708 1537 2761 diei
1548 2708 1619 2762 hora

388 2805 575 2859 incrastinum
599 2807 679 2859 tertia
699 2806 861 2869 advenisset,
873 2806 960 2875 tetigit
977 2806 1107 2860 teretrum
1126 2807 1185 2874 ejus
1201 2806 1365 2874 paralyticus
1382 2806 1503 2874 quidam,
1516 2807 1619 2862 nullius

388 2904 575 2958 mernbrorum
588 2921 700 2958 suorum
714 2910 876 2974 potestatem
888 2905 1001 2969 habens,
1014 2910 1041 2958 et
1057 2905 1149 2958 statim
1162 2921 1245 2958 sanus
1257 2905 1345 2958 iactus
1363 2911 1411 2959 est
1429 2905 1526 2959 Nullus
1543 2907 1619 2960 enim

388 3002 513 3057 Infirmus
527 3004 657 3057 teretrum
669 3003 742 3057 beati
755 3004 845 3057 Amati
858 3003 953 3072 tetigit,
964 3003 1013 3072 qui
1023 3019 1080 3056 non
1092 3003 1222 3057 continuo
1235 3004 1376 3058 recesserit
1387 3021 1479 3059 sanus.

432 3101 488 3160 18.
514 3101 721 3156 conveniebant
730 3105 859 3169 praeterea
871 3101 906 3154 ad
915 3101 1045 3169 exequias
1057 3100 1203 3168 sepulturas
1212 3100 1271 3168 ejus
1283 3102 1362 3155 multi
1375 3102 1546 3168 demoniaci,
1555 3105 1620 3158 ceci

389 3216 420 3253 ac
432 3198 568 3253 universis
582 3195 785 3250 infirmitatibus
797 3195 926 3264 oppressi.
943 3195 1044 3248 Beatus
1056 3201 1149 3249 autem
1166 3194 1326 3249 hlauruntus
1344 3196 1480 3274 accipiens
1497 3215 1619 3253 massam

390 3298 453 3352 ierri
465 3297 538 3366 quod
553 3301 663 3349 sanctus
676 3295 717 3347 vir
727 3295 854 3363 portabat
865 3311 947 3364 supra
959 3298 1053 3363 pectus
1066 3311 1115 3363 pro
1127 3295 1169 3348 sui
1181 3296 1303 3364 corporis
1314 3295 1516 3360 afflictionibus,
1528 3302 1620 3367 tange·

390 3397 438 3451 bat
455 3396 626 3449 intirmorum
646 3408 761 3461 corpora
778 3398 806 3446 et
822 3393 857 3446 ad
870 3392 970 3447 Christi
987 3392 1189 3446 invocationem
1202 3398 1316 3446 cunctos
1327 3393 1438 3447 sanitati
1450 3396 1621 3450 restituebat

390 3496 473 3551 Multo
494 3511 559 3548 vero
580 3499 608 3547 et
628 3496 773 3546 innumera
793 3508 841 3561 per
860 3493 988 3546 eumdem
1011 3497 1136 3545 sanctum
1158 3491 1256 3556 virum,
1276 3497 1423 3561 postquam
1444 3494 1620 3548 tumulariam

389 3597 490 3650 meruit
502 3594 679 3664 sepulturam,
692 3593 792 3647 Christi
804 3592 950 3646 clementia
966 3597 1079 3660 operata
1096 3597 1138 3645 est
1153 3591 1293 3646 miracula.
1310 3592 1452 3661 Sepultum
1470 3598 1511 3646 est
1527 3598 1621 3647 autem

391 3694 580 3749 beatissimum
598 3709 697 3762 corpus
714 3692 742 3745 in
760 3692 856 3746 eadem
875 3691 997 3755 ecclesia,
1006 3691 1085 3759 juxta
1096 3690 1225 3759 principis
1237 3691 1424 3759 apostolorum
1442 3691 1515 3744 Petri
1526 3692 1622 3746 altare.

390 3794 511 3849 'litatum
524 3809 636 3862 quoque
648 3791 800 3846 sanctitatis
809 3791 894 3859 ipsius
905 3794 933 3844 et
944 3789 1064 3844 nominis
1073 3790 1190 3858 desuper
1198 3789 1391 3843 honestissime
1399 3796 1622 3859 composuerunt.

391 3892 450 3962 lpse
463 3908 527 3945 vero
540 3891 707 3954 mauruntus,
720 3891 762 3944 vir
773 3889 904 3958 egregius,
915 3887 1051 3942 universis
1063 3904 1173 3957 quoque
1184 3887 1310 3942 minister
1320 3893 1457 3956 strenuus,
1468 3894 1568 3942 cuncta
1580 3889 1623 3943 sui

391 3989 546 4061 patrimonii
562 3988 662 4058 pradia
674 4005 722 4056 per
735 3987 892 4041 chartarum
905 3986 1017 4040 tradidit
1028 3987 1210 4039 instrumenta
1221 3986 1255 4039 ad
1267 3986 1327 4053 ejus
1339 3986 1483 4040 honorem.

435 4088 490 4145 14.
514 4089 637 4142 Audiens
649 4092 741 4141 autem
754 4086 940 4141 Theodericus
952 4102 999 4139 rex
1012 4084 1099 4138 multa
1111 4088 1139 4138 et
1149 4085 1295 4138 innumera
1306 4083 1439 4138 miracula
1450 4100 1498 4152 per
1510 4085 1624 4141 beatum

392 4188 548 4258 pontitlcem
570 4186 699 4238 Arnotum
717 4182 783 4247 lteri,
796 4184 909 4237 veniens
921 4187 949 4236 et
966 4182 1109 4252 procidens
1127 4181 1161 4234 ad
1173 4180 1329 4249 sepulcrum
1341 4180 1408 4248 ejus,
1424 4181 1625 4250 deprecabatur

392 4283 590 4352 indulgentiam
602 4287 629 4336 et
641 4281 831 4335 remissionem
844 4296 893 4349 pro
905 4278 1052 4333 commisso
1064 4278 1226 4333 facinorum.
1235 4277 1320 4332 Multa
1329 4278 1412 4331 etiam
1425 4278 1498 4331 dona
1506 4282 1534 4333 et
1547 4279 1625 4333 innu-

395 4398 472 4437 mera
484 4380 616 4434 beneficia
629 4379 745 4433 contulit
762 4378 843 4432 bento
860 4378 969 4442 limato,
981 4377 1041 4431 auri
1058 4377 1186 4430 videlicet
1202 4382 1229 4430 et
1246 4376 1350 4445 argenti
1367 4377 1574 4446 possessionum
1591 4395 1624 4432 ac

395 4486 474 4536 teme
489 4479 605 4549 copiam.
619 4479 765 4533 Servorum
778 4478 860 4531 etiam
873 4478 948 4532 dedit
959 4476 1162 4531 multitudinem
1176 4477 1203 4530 in
1220 4477 1281 4530 loco
1293 4476 1440 4545 sepulturae
1451 4477 1519 4544 eius,
1531 4482 1563 4532 ut
1574 4478 1626 4548 ipsi

394 4596 444 4649 pro
460 4595 539 4648 posse
557 4577 638 4646 digna
653 4576 813 4630 exhiberent
823 4576 941 4630 servitia.
953 4575 997 4629 Sic
1009 4575 1082 4629 enim
1095 4575 1219 4629 iaciendo
1237 4574 1324 4628 voluit
1335 4574 1389 4629 sibi
1401 4574 1488 4628 Deum
1504 4578 1626 4632 reconci-

396 4677 463 4730 liare
482 4692 514 4729 ac
535 4675 683 4744 propitium
704 4675 825 4738 reddere,
843 4690 926 4743 quern
946 4672 1065 4743 graviter
1085 4673 1237 4727 offenderat
1254 4672 1282 4726 in
1302 4677 1412 4726 sanctos
1429 4688 1503 4738 suos,
1522 4673 1626 4728 scilicet
