3270 5400
328 357 419 409 BIBL.
437 356 711 416 nuaunuxucu.
730 382 776 391 -
794 361 943 413 APPEND.
962 363 1009 414 AD
1026 363 1107 416 COD.
1125 348 1162 414 N⁰
1179 362 1305 416 teos-te.
1366 343 1434 417 105
1464 397 1470 411 .

613 598 665 655 De
684 594 789 657 libris
808 599 1020 670 loycallbus.

247 780 302 841 2⁰.
320 785 361 838 De
371 787 451 854 loyca
462 786 520 840 sire
529 786 670 842 dialectica
681 789 788 857 scripsit
800 789 907 858 loycam
918 789 1070 858 prologum,
1079 787 1182 842 sedicet
1191 788 1225 842 de
1234 789 1433 842 universalibus

214 881 301 937 librum
312 899 408 947 unum,
420 884 454 938 de
465 885 683 954 praedicamentis
694 886 795 940 librum
808 903 902 951 unum,
914 887 948 940 de
959 903 1007 940 sex
1021 886 1160 956 principiis
1172 885 1272 939 librum
1285 902 1380 939 unum.
1392 886 1433 938 De

215 980 396 1048 periermenias
407 981 492 1037 libros
504 983 581 1037 duos.
590 985 629 1037 De
641 983 852 1039 diffinitionibus
864 985 910 1038 lib.
954 985 967 1016 *
978 986 1016 1038 De
1026 984 1122 1054 topicis
1131 984 1217 1038 libros
1227 989 1299 1038 octo.
1310 984 1349 1037 lle
1359 983 1433 1037 Prio-

194 1078 277 1137 trihus
287 1078 373 1134 libros
383 1081 462 1136 duos.
479 1082 548 1136 Item
560 1082 745 1136 Posteriorum
758 1100 806 1151 per
817 1084 932 1137 modum
945 1082 1125 1152 expositionis
1136 1078 1268 1135 litteralis.
1282 1082 1349 1135 llem
1369 1081 1433 1134 fecit
1513 1100 1518 1113 ·

217 1193 338 1232 summam
351 1180 594 1249 grammaticalem.
606 1182 675 1235 Item
687 1183 721 1236 de
733 1187 791 1236 arte
803 1182 949 1237 rethorica

544 1414 597 1470 ne
613 1410 719 1471 llhrts
739 1409 1085 1485 grammaticalibus.

254 1596 303 1655 21.
321 1600 390 1654 item
401 1599 529 1669 exposuit
545 1600 673 1670 antiquos
689 1602 816 1656 doctores
833 1599 1060 1671 grammaticales
1082 1575 1184 1655 scilicet
1204 1600 1374 1654 Prisciauum
1392 1600 1431 1666 (iu

227 1697 302 1764 majori
312 1704 339 1752 et
349 1698 450 1752 minori
467 1697 664 1765 voluminibus)
685 1704 712 1752 et
732 1699 801 1753 alios
818 1704 937 1753 autores.
955 1699 1105 1767 Postquam
1123 1699 1157 1751 ad
1175 1698 1287 1768 longum
1305 1696 1432 1766 exposuit

197 1798 217 1849 u
229 1796 434 1851 onnesscientias
446 1798 648 1866 metaphysicas
659 1799 716 1852 sive
735 1799 908 1873 doctrinales,
927 1798 1070 1867 descripsit
1086 1798 1204 1867 primam
1217 1797 1431 1866 philosophiam.

230 1895 288 1949 llude
297 1897 355 1951 dicit
371 1898 400 1951 in
410 1898 501 1967 primo
513 1898 722 1967 lletaphysicae:
742 1899 941 1953 ‘Naturalibus
960 1904 988 1952 et
1004 1897 1201 1951 doctrinalibus
1219 1898 1277 1963 jam
1295 1901 1430 1965 quantum

231 1992 381 2051 leuitsensus
392 1997 552 2052 elucidatur.
569 1998 612 2052 Ad
630 2014 724 2052 veram
742 1998 923 2068 philosophiae
941 1997 1103 2066 sapientiam
1121 1996 1310 2062 accedamus,
1331 1996 1432 2064 inqua

231 2096 300 2159 posuit
307 2095 387 2150 libros
399 2097 538 2150 tredecim.
551 2098 620 2151 ltem
637 2097 671 2150 ad
691 2097 927 2169 complementum
939 2096 1134 2165 metaphysica
1146 2096 1254 2165 scripsit
1265 2096 1432 2150 universalia

233 2192 285 2245 etde
294 2194 480 2262 primacausa;
492 2196 527 2250 de
535 2196 720 2265 intelligentiis
732 2214 763 2250 ac
775 2197 936 2251 substantiis
947 2196 1079 2265 separatis
1091 2196 1176 2250 libros
1189 2196 1266 2249 duos.

508 2427 561 2483 ne
581 2421 686 2482 lthrls
706 2423 840 2483 artium
860 2424 1122 2495 practicallum.

264 2609 308 2667 22.
323 2615 393 2669 Fecit
403 2614 505 2668 librum
518 2615 552 2668 de
563 2615 707 2676 medicina,
717 2613 816 2668 librum
829 2615 863 2668 de
875 2614 1002 2677 laniticio,
1012 2614 1112 2668 librum
1127 2614 1161 2667 de
1170 2618 1319 2676 armatura,
1327 2611 1428 2664 librum

236 2704 260 2758 dt
267 2711 416 2778 agricultura,
428 2712 529 2766 librum
547 2711 581 2765 de
596 2712 750 2774 venatione,
762 2712 864 2766 librum
876 2712 909 2766 de
922 2711 1104 2780 navigatione.
1117 2710 1217 2766 librum
1236 2711 1270 2765 de
1282 2716 1341 2763 arte
1354 2711 1429 2763 thea-

236 2803 620 2881 uca.l¹}1pnctthlstorla
634 2808 843 2867 dealbante
857 2811 1003 2879 Magno.

362 3209 399 3252 uc
421 3208 450 3252 u.
472 3208 572 3252 nanno
592 3208 770 3252 auoconusr.
794 3188 872 3272 (Cir.
894 3208 1002 3270 supra,
1024 3207 1098 3270 pag.
1120 3188 1170 3264 86,
1193 3188 1270 3270 ΞΟΟ.)

204 3411 226 3464 u
311 3412 429 3486 Incipit
450 3415 620 3486 prologus
639 3415 677 3473 tn
703 3415 819 3474 vitam
839 3415 1060 3474 venerabilis
1082 3414 1200 3473 domni
1221 3414 1325 3473 Petri

550 3511 759 3572 Aroldensls
780 3508 838 3590 (1),
859 3511 1079 3585 presbyteri.

260 3703 382 3780 scripum,
409 3725 437 3773 et
464 3719 605 3773 memoriae
632 3720 874 3774 commendaturus
897 3719 1015 3787 gloriosa
1044 3719 1177 3773 beneficia
1205 3720 1308 3773 domno
1338 3720 1427 3781 Petro,

236 3797 356 3868 druidensis
371 3817 587 3887 congregationis
598 3817 752 3887 praeposito,
770 3817 901 3870 divinitus
919 3816 1026 3880 collata,
1044 3818 1166 3871 lautores
1179 3818 1275 3872 adesse
1293 3818 1427 3886 gloriosos

238 3904 307 3958 uuit
315 3913 437 3985 principes
448 3917 562 3971 invoco:
575 3923 699 3971 sanctum
713 3917 839 3970 videlicet
850 3917 983 3969 laconum
997 3918 1161 3985 apostolum,
1171 3918 1293 3983 ejusdem
1305 3918 1426 3971 ecclesiae

201 3999 354 4077 ttpttrmum,
363 4021 389 4068 et
398 4016 602 4070 sanctissimum
614 4016 769 4069 lohannem
787 4016 992 4084 evangelistam,
1004 4033 1141 4084 germanae
1159 4016 1312 4069 dilectionis
1325 4017 1426 4071 intuitu

236 4092 329 4161 ejusdcm
338 4110 382 4167 loci
391 4115 568 4185 provisorem,
579 4115 707 4183 quatinus
717 4115 802 4169 divini
812 4114 888 4168 verbi
901 4115 1051 4177 scientiam,
1063 4131 1147 4183 quam
1160 4132 1242 4184 super
1253 4120 1350 4182 pectus
1361 4116 1426 4169 Jesu

235 4203 360 4265 retulitteus
375 4214 483 4269 haurire
500 4215 659 4283 promeruit,
677 4219 856 4284 utrorumque
875 4215 980 4269 meritis
997 4215 1217 4283 suffragantibus,
1236 4215 1311 4268 cordi
1330 4220 1424 4269 nostro

234 4289 384 4381 divinam,
393 4314 501 4384 aspiret
513 4319 543 4368 ut
554 4314 688 4382 condigna
697 4314 799 4368 coelesti
809 4315 1017 4384 magnificentia
1028 4319 1055 4367 et
1066 4330 1162 4367 eorum
1173 4315 1332 4381 cooperanti
1343 4315 1425 4368 bene·

234 4387 323 4456 floelllae
330 4414 434 4469 scribere
443 4414 559 4469 valeam.
575 4412 733 4484 Expllclt
746 4414 929 4484 prologus.

260 4587 290 4654 (¹)
299 4599 392 4663 tutan
402 4611 469 4665 urbs
480 4616 563 4680 caput
574 4613 689 4666 ducatus
709 4615 839 4679 ll'oldeck,
849 4613 973 4666 dioecesis
986 4614 1228 4668 Puderhornensis.
