3270 5400
243 330 332 382 eron.
349 330 433 385 aso.
452 332 623 385 sauxnuu.
643 354 689 363 —
708 334 856 387 anessa.
875 335 922 387 so
940 336 1019 387 coo.
1038 326 1078 386 u⁰
1095 337 1171 389 rara.
1258 318 1325 389 169

84 520 333 585 annoaoamibus,
341 528 391 575 aut
398 523 427 576 in
436 522 559 592 qualibet
567 524 720 591 septimana
730 540 816 579 uuum
824 525 897 579 diem
905 525 1048 593 jejunarit,
1056 532 1104 580 aut
1112 527 1326 592 manesurrexit,

84 618 269 688 autaliquem
281 620 486 691 eleemosynam
495 622 578 688 dedit,
584 629 632 676 aut
640 628 745 678 certum
756 620 901 679 numerum
913 626 1070 679 orationum
1081 626 1228 694 peroravit
1235 626 1327 680 Semel

84 722 186 772 autern
199 719 226 773 iu
239 735 294 773 uno
305 736 380 775 anno
394 722 521 790 promisit
531 738 561 775 se
573 738 629 776 nou
639 724 758 777 scienter
769 722 837 776 velle
847 723 966 789 mentiri,
974 724 1022 777 sed
1032 741 1092 778 cum
1108 725 1224 779 veritate
1234 741 1326 780 emere

85 822 117 871 et
130 818 259 873 vendere.
271 819 302 874 ln
315 819 411 888 primis
430 825 524 875 autem
540 821 631 890 plures
643 826 781 891 emptores
793 821 916 890 perdidit,
932 824 1050 892 eoquod
1070 823 1230 891 simpliciter
1241 824 1326 878 dixit:

46 925 67 974 o
84 918 137 970 Sic
148 919 251 972 doboet
262 936 316 973 non
327 921 478 973 remissius.
487 919 577 988 Atque
586 920 624 973 ita
633 920 807 974 tinniterhoe
817 927 921 984 tenens,
932 922 1064 975 damnum
1075 922 1200 985 incurrit;
1211 923 1326 992 promis·

84 1033 153 1071 sum
167 1023 261 1071 tamen
271 1018 419 1087 intringere
431 1018 527 1074 noluit.
543 1019 610 1073 Post
621 1020 726 1088 aliquot
739 1019 797 1073 dies
815 1020 895 1073 beata
907 1020 1059 1075 Katherina
1071 1021 1209 1075 mediante
1227 1038 1326 1091 cogno·

86 1117 327 1171 verunthomines
336 1118 479 1172 veritatem
489 1118 574 1187 ipsius
586 1117 613 1171 in
620 1119 738 1172 emendo
747 1135 779 1197 ac
787 1119 984 1182 vendendo;ac
993 1119 1031 1172 sic
1040 1119 1185 1188 acquisivit
1194 1137 1324 1189 magnum

84 1214 186 1284 populi
204 1230 376 1281 coneursum,
393 1221 477 1284 atque
494 1216 655 1284 plusquam
673 1216 748 1286 prius
765 1216 876 1292 ditatus
892 1218 1037 1270 veritatem
1056 1235 1145 1287 usque
1164 1220 1199 1272 ad
1217 1220 1323 1273 obitum

83 1312 190 1365 tenuit

29 1518 64 1569 ro
82 1514 259 1586 Qualiter
278 1514 439 1586 glor-losa
463 1515 568 1586 vlrsso
588 1514 792 1575 Katherlna
808 1515 963 1588 judicem
992 1517 1182 1588 quemdam
1206 1516 1327 1577 traxit

458 1627 504 1674 ex
524 1614 645 1673 seculo
662 1615 712 1673 ad
733 1614 953 1685 religionem.

134 1803 194 1859 11.
203 1804 290 1858 ludex
299 1804 411 1874 quidam
419 1803 530 1871 iniquus
539 1805 694 1859 omnianuo
703 1806 822 1875 vigiliam
832 1811 933 1859 sanem
946 1805 1101 1858 liutherinae
1110 1805 1280 1873 jejunaritet
1289 1810 1325 1859 te·

80 1908 164 1956 stum
171 1903 233 1969 ejus
239 1901 400 1955 solemniter
409 1901 567 1965 celebravit;
577 1907 605 1955 et
611 1901 725 1971 singulis
732 1903 810 1955 annis
818 1902 854 1955 ob
863 1903 1047 1956 reverentiam
1058 1907 1160 1955 sanctce
1169 1902 1325 1957 Katherinae

82 2005 139 2052 aut
146 1999 254 2068 aliquid
266 1999 389 2066 recitaut
399 1998 503 2068 aliquid
515 1999 615 2053 omisit.
628 2000 660 2053 Et
670 2015 725 2052 uno
735 2015 807 2052 auno
820 1999 946 2069 promisit
957 2000 1032 2067 quod
1042 1999 1175 2067 quidquid
1186 2004 1326 2068 peteretur

30 2112 65 2161 rs
81 2100 123 2153 ab
137 2114 173 2152 eo
183 2098 212 2151 in
221 2098 327 2152 honore
342 2103 444 2152 sanctae
455 2098 618 2161 Katherinsa
630 2098 683 2151 hoc
701 2098 786 2152 nollet
797 2099 943 2166 denegare.
955 2098 1090 2167 Apparuit
1101 2104 1194 2152 autem
1206 2099 1231 2151 ei
1243 2099 1324 2151 beata

82 2198 168 2267 virgo
179 2196 330 2251 Katherinn
346 2196 375 2250 in
386 2198 478 2265 specie
494 2197 617 2251 mulieris
635 2197 816 2266 pauperculae.
831 2202 928 2265 petens
941 2196 991 2249 sibi
1006 2197 1033 2250 in
1046 2197 1158 2251 nomine
1170 2197 1327 2251 liutherinae

83 2296 206 2365 virginis
213 2312 327 2350 manum
337 2297 478 2350 dexteram
486 2296 553 2350 dari.
560 2296 611 2363 Qui
621 2313 682 2349 cum
693 2312 801 2349 memor
810 2313 867 2349 suae
876 2296 1032 2364 sponsionis
1042 2312 1154 2349 manum
1165 2298 1189 2349 ei
1200 2295 1326 2360 dedisset,

84 2395 174 2450 amici
186 2399 214 2449 et
225 2394 372 2464 propinqui
383 2396 442 2462 ejus
452 2396 646 2449 erubescentes
662 2395 727 2463 quia
739 2395 870 2448 deformis
884 2401 911 2448 et
928 2399 1070 2448 truncatus
1087 2411 1172 2448 manu
1189 2395 1326 2449 existeret.

85 2494 229 2548 cohortati
240 2499 305 2547 sunt
313 2510 378 2547 eum
387 2494 420 2547 ad
431 2496 582 2563 ingressum
595 2494 740 2562 religionis.
751 2495 900 2563 Postquam
911 2499 1003 2547 autem
1017 2494 1176 2562 religionem
1189 2493 1326 2562 ingressus

33 2604 69 2655 ιο
85 2598 141 2657 est,
159 2593 241 2646 boam
260 2593 410 2647 liatlrerina
428 2592 574 2663 specialem
592 2593 616 2645 ei
629 2593 743 2661 gratiam
763 2610 779 2646 a
797 2593 854 2646 Deo
872 2593 1038 2662 impetravit,
1057 2592 1095 2646 ita
1114 2593 1189 2661 quod
1206 2592 1324 2662 priorem

89 2691 178 2745 vitam
187 2708 267 2746 suain
276 2692 356 2745 valde
367 2692 535 2749 emendaret.
547 2697 574 2745 et
586 2693 643 2745 Deo
656 2697 683 2746 et
695 2692 781 2745 mata
791 2691 950 2745 Katherinae
960 2692 1058 2745 devote
1071 2710 1102 2746 ac
1114 2692 1230 2746 fideliler
1240 2691 1326 2745 serri-

89 2796 143 2845 ret.
154 2790 262 2845 Etecoe
273 2807 336 2844 cum
351 2792 410 2859 jam
423 2791 450 2844 in
462 2791 592 2845 extremis
609 2797 709 2860 ageret.
727 2792 808 2845 beata
826 2791 983 2847 Katherina.
999 2791 1101 2861 ingenti
1120 2790 1325 2860 pulchritudine

92 2889 235 2949 adornato.
245 2890 374 2960 apparuit
385 2890 419 2951 ei,
431 2891 524 2945 dicens
534 2909 540 2943 ε
550 2891 616 2957 Fili,
636 2894 709 2944 nosti
725 2895 785 2944 me?
796 2890 849 2957 Qui
867 2890 1024 2959 respondit:
1037 2893 1105 2943 Noa.
1118 2891 1154 2943 At
1172 2890 1218 2944 illa
1237 2891 1325 2945 dixit:

96 2988 152 3054 1²40
163 3006 222 3042 sum
238 2990 393 3043 Kottrerino
404 2992 451 3042 cut
460 2997 535 3042 taam
551 3006 661 3042 monam
673 2991 779 3043 dedisti.
792 2990 826 3043 Et
838 2989 957 3043 ostendit
972 2991 996 3042 ei
1013 3005 1136 3053 manum,
1149 2989 1242 3042 dicens
1252 3010 1258 3043 :
1269 2992 1326 3044 Hoc

51 3092 84 3141 ls
100 3086 154 3139 ideo
162 3106 178 3139 o
190 3104 230 3140 me
245 3089 349 3153 factum
361 3090 441 3152 scios,
451 3090 517 3156 quia
532 3090 699 3141 altatarium
718 3089 845 3141 salrnmtr'
856 3096 880 3141 tc
894 3091 1014 3141 irre-entre
1026 3107 1077 3142 aon
1088 3091 1175 3155 potui.
1186 3088 1275 3156 Atque
1287 3088 1325 3141 ita

102 3182 177 3239 illeiu
186 3186 293 3241 Christo
304 3187 419 3241 feliciter
431 3204 479 3254 per
490 3187 585 3240 omnia
597 3188 677 3241 olriit.

137 3386 290 3456 Qualiter
309 3390 424 3448 beate
445 3389 651 3449 Kathertna
672 3392 721 3449 sd
741 3402 868 3462 preces
889 3390 1104 3449 mereatorls
1124 3393 1294 3462 raptores

421 3489 596 3559 quosdam
617 3489 784 3549 eaeeltete
803 3488 995 3560 percusslt.

152 3671 196 3731 lt.
211 3678 257 3732 Vir
268 3677 381 3747 quidam
391 3682 527 3731 mercator
535 3678 653 3731 multum
663 3678 778 3746 diligens
788 3686 914 3733 sanctam
926 3680 1114 3741 liatlrerinam,
1124 3686 1247 3749 tempore
1259 3697 1325 3750 quo-

10 3838 12 3847 Ι
81 3768 108 3821 a
121 3764 228 3827 &nomn
234 3774 332 3843 pannis
339 3773 490 3828 vendendis
497 3775 635 3843 proiectus
642 3780 684 3828 est
690 3776 724 3828 ad
734 3776 1023 3845 nundinas.Raptorcs
1032 3782 1124 3830 autem
1135 3777 1326 3846 supervenien-

123 3866 297 3940 tempserunt
307 3874 360 3927 sibi
372 3873 474 3927 omnia.
483 3874 543 3943 lpse
553 3890 618 3927 rero
628 3875 738 3929 beatam
749 3875 1050 3929 lutherium-fortiter
1060 3876 1207 3940 invocavit,
1216 3877 1324 3931 dicens:

126 3962 373 4039 desolabatur,
382 3974 512 4041 quomodo
524 3976 784 4028 artnccr·editortbus
795 3978 861 4028 meis
871 3984 964 4043 potero
973 3977 1153 4041 satisfacere?
1165 3977 1201 4028 Et
1214 3993 1325 4029 cesarem

126 4064 207 4127 “ilios
214 4088 280 4127 meos
292 4074 364 4125 uncte
372 4088 483 4140 possam
496 4076 625 4127 morire?
636 4073 734 4126 Statim
747 4078 838 4126 autem
853 4073 947 4127 divina
957 4074 1057 4127 virtute
1069 4079 1193 4142 raptores
1205 4077 1326 4129 caecitate

10 4084 12 4105 l

10 4116 16 4241 Ε
127 4167 215 4219 tenum
229 4174 289 4223 eunt
300 4185 333 4222 ac
346 4175 466 4223 tremore
477 4169 675 4223 membrorum.
688 4169 740 4236 Qui
753 4169 877 4223 videntes
890 4170 998 4239 plagam
1012 4171 1061 4223 Dei
1079 4176 1106 4223 ct
1124 4171 1210 4224 beata
1228 4171 1327 4225 liuthe-

90 4251 115 4303 ³⁵
128 4250 177 4310 ¹5¹1&
189 4278 304 4335 superse,
315 4268 442 4323 dolentes
453 4268 487 4321 de
499 4269 654 4322 temeritate
671 4285 703 4322 ao
721 4268 830 4337 culpam
843 4286 922 4323 saara
940 4274 1176 4337 recognoscentes,
1188 4271 1283 4323 omnia
1300 4270 1325 4324 ei

128 4356 267 4423 retusum
276 4374 304 4423 et
314 4368 401 4422 libere
412 4367 489 4421 abire
500 4367 691 4437 permiserunt.
703 4368 757 4436 lpsi
771 4374 864 4422 autem
877 4369 987 4422 beatam
1001 4368 1180 4422 Katherinam
1194 4368 1326 4422 instanter

129 4443 260 4532 imitttlrltes,
270 4472 407 4522 voverunt
418 4483 448 4520 se
464 4482 617 4535 numquam
635 4468 756 4536 aliquem
775 4468 845 4521 relle
864 4467 982 4536 amplius
1000 4468 1121 4535 spoliare
1140 4467 1291 4527 hominem.
1303 4468 1325 4522 si

131 4550 208 4611 melfis
217 4562 294 4632 ipsius
304 4566 396 4621 sanari
411 4566 557 4634 visumque
569 4568 693 4635 recipere
706 4573 885 4621 mererentur.
895 4567 947 4634 Qui
959 4583 1025 4620 mox
1039 4567 1075 4620 ob
1088 4566 1186 4619 merita
1199 4567 1326 4634 pretiosae

132 4648 213 4715 'nillil
230 4663 323 4720 tacisti
335 4666 425 4720 sanati
436 4671 508 4725 sunt.
521 4672 604 4736 atque
615 4667 744 4735 deinceps
759 4667 842 4720 vitam
856 4684 932 4720 snam
948 4667 974 4719 in
988 4667 1086 4719 melius
1099 4667 1325 4720 emendaverunt.
