3270 5400
337 374 426 426 BlBL.
444 374 526 426 ΗΒΕ.
545 375 717 427 attexant.
736 397 782 406 -·
802 375 951 428 APPEND.
969 377 1015 427 ΑΙ)
1032 377 1112 428 COD.
1130 365 1168 427 N⁰
1185 373 1260 428 real.
1346 358 1413 428 187

216 570 351 634 preceptum
363 565 453 619 luerat
469 564 559 617 lacere
576 564 743 625 curantibus,
753 564 834 633 jussit
845 565 994 632 imperator
1010 563 1092 618 simul
1109 564 1208 618 dimitti
1222 566 1246 618 ei
1265 565 1374 618 leonem
1388 572 1414 617 et

216 664 354 733 leopardum.
362 663 573 718 Stimulantibus
583 679 647 717 vero
661 663 800 728 ministris,
809 664 851 717 leo
862 665 971 732 rugiens
980 664 1015 716 de
1023 680 1107 717 cavea
1116 665 1207 732 egredi
1216 664 1335 718 nolebat.
1346 665 1414 718 Cum

216 763 258 831 jam
267 763 354 816 diutius
366 763 567 826 molestaretur,
577 779 701 832 egressus
713 779 776 816 cum
789 764 884 831 pardo,
893 763 1013 818 cucurrit
1025 765 1059 817 ad
1069 768 1194 816 sanctum
1203 763 1253 816 Dei
1262 779 1378 832 puerum
1389 768 1416 815 et

219 863 344 930 complexus
355 864 413 931 ejus
431 863 565 915 humeros
583 862 795 930 constringebat.
808 862 912 916 Pardus
931 879 996 917 vero
1013 863 1048 915 ad
1065 863 1149 931 pedes
1167 863 1225 930 ejus
1238 879 1267 916 se
1280 862 1416 915 volutans

199 968 260 1014 tuen
273 961 415 1015 discedebat
426 962 462 1015 ab
484 979 526 1015 ee.
544 961 669 1030 Cumque
687 962 747 1014 haec
760 961 871 1015 vidisset
884 946 1040 1031 imperator,
1053 961 1219 1015 exclamavit
1230 962 1340 1015 dicens:
1356 968 1418 1026 erre

221 1062 444 1127 mbxyrlrontesie
455 1079 537 1130 quem
555 1064 652 1115 uideo?
664 1061 780 1114 Sanctus
798 1077 863 1114 vere
876 1065 980 1130 martyr
998 1060 1126 1124 Marinus,
1144 1061 1271 1130 expansis
1290 1060 1417 1114 manibus

222 1157 247 1209 ed
257 1158 344 1224 celum,
354 1177 435 1214 suum
448 1160 535 1214 Deum
548 1161 755 1230 deprecabatur,
768 1177 823 1214 nen
841 1162 1038 1228 pertimescens
1056 1160 1191 1214 insaniam
1205 1160 1320 1228 tyranni.
1335 1160 1417 1211 Cum-

223 1270 261 1323 que
267 1258 374 1323 jussisset
382 1260 533 1329 imperator
545 1261 648 1314 bestias
659 1261 791 1323 amoveri,
801 1260 931 1314 animalia
943 1260 1019 1314 nullo
1031 1261 1114 1335 mede
1128 1259 1313 1315 discedebant.
1323 1259 1370 1311 sed
1383 1258 1417 1311 ad

223 1355 283 1421 pedes
296 1362 372 1414 sancti
390 1377 420 1414 se
436 1360 608 1414 volutabant.
627 1361 751 1429 Cumque
769 1360 887 1414 ministri
906 1360 1024 1414 multum
1037 1359 1076 1412 eis
1094 1366 1185 1413 essent
1202 1360 1319 1422 melesii,
1337 1366 1365 1412 ut
1384 1360 1418 1411 ad

194 1454 214 1503 tt
224 1466 296 1507 areas
303 1458 421 1519 redirent,
431 1464 496 1512 tunc
508 1466 618 1513 sanctus
628 1460 676 1513 Dei
689 1458 809 1513 Marinus
827 1459 973 1528 imperavit
983 1465 1013 1513 ut
1029 1459 1149 1513 redirent
1166 1460 1201 1512 ad
1219 1458 1309 1511 lecum
1328 1474 1418 1511 suum.

226 1548 358 1615 desuem
368 1559 504 1613 abierunt.

256 1650 299 1708 1e.
318 1655 412 1709 lterum
429 1659 562 1725 tyrannus
571 1657 652 1724 jussit
664 1657 687 1709 ei
701 1656 801 1709 dimitti
813 1657 928 1710 leaenam
942 1656 1091 1709 immanem
1101 1658 1115 1686 *
1125 1661 1152 1709 et
1165 1656 1302 1723 ingentem
1314 1670 1417 1708 ursam.

226 1748 408 1810 lacerassem
427 1755 537 1823 utrique
554 1756 568 1785 *
585 1755 619 1808 de
637 1755 737 1813 caveis,
750 1760 929 1809 cucurrerunt
946 1756 981 1808 ad
999 1760 1124 1808 sanctum
1145 1755 1193 1808 Dei
1212 1760 1373 1822 martyrem;
1392 1761 1419 1808 et

226 1846 344 1908 scindentes
352 1855 514 1909 vestimenta
523 1854 582 1919 ejus
594 1859 756 1908 corruerunt
766 1860 831 1908 ante
841 1855 923 1923 pedes
933 1855 999 1922 ejus
1012 1860 1040 1907 et
1057 1854 1158 1908 mertui
1176 1860 1240 1907 sunt
1251 1854 1342 1908 simul.
1354 1854 1418 1907 San·

195 1942 217 1991 11
227 1950 270 1999 ctus
283 1967 335 2005 rere
350 1953 468 2007 Marinus
485 1953 595 2006 elevans
613 1970 712 2006 manus
723 1970 787 2006 suas
805 1954 832 2006 in
851 1953 958 2013 roelum,
971 1953 1099 2006 invocate
1117 1953 1244 2017 Domine,
1257 1953 1296 2006 ait
1314 1973 1320 2006 :
1340 1955 1419 2005 Pater
1446 1982 1448 1987 ·

227 2041 275 2095 lae
286 2048 394 2104 etrier*
406 2053 521 2105 Domini
533 2053 592 2117 arrei,
603 2053 705 2104 eadredi
722 2068 829 2104 serenae
844 2059 921 2104 tunm
934 2052 1076 2103 Merinum
1087 2058 1110 2103 el
1126 2053 1240 2118 eripede
1252 2053 1348 2119 lepraee
1360 2053 1417 2102 ‹lie-

228 2136 271 2191 illi·
279 2140 408 2202 Martianus
421 2149 572 2216 imperator
591 2148 682 2202 dixit:
703 2150 754 2201 Per
770 2152 833 2202 dees
850 2166 940 2202 emeres
959 2158 982 2202 et
999 2151 1137 2203 deriderem
1159 2168 1245 2203 meam
1266 2151 1378 2202 AEceten
1397 2158 1420 2201 el

228 2235 332 2298 tltlatiarem
341 2266 423 2301 incarn
435 2250 529 2313 Solem,
543 2252 599 2303 erici
610 2251 792 2302 irremelnceris
806 2252 862 2302 diis
878 2258 902 2303 et
919 2252 1057 2314 consessus
1073 2252 1164 2316 suerio
1175 2258 1287 2302 rrrnlrem
1300 2251 1419 2307 deornm,

228 2343 366 2411 manupae
377 2365 476 2401 marries
487 2365 567 2413 eneas,
580 2350 626 2401 sed
635 2351 749 2415 pessime
766 2355 789 2401 te
806 2350 971 2415 disperdam.
989 2348 1108 2401 Marinus
1125 2354 1235 2401 sanctus
1254 2347 1395 2416 respoudit
1414 2369 1419 2400 :

193 2430 217 2481 M
229 2430 282 2495 Quid
290 2445 346 2497 mili
356 2449 494 2499 minaris?
505 2448 576 2500 Nem
587 2450 724 2501 insaniam
733 2456 808 2501 licem
818 2465 869 2501 nen
879 2451 1044 2516 pertinerere,
1054 2451 1119 2516 qaia
1131 2450 1203 2501 Dens
1212 2432 1420 2501 nreersdiseelret

229 2533 269 2583 itti
274 2536 332 2593 debit
339 2550 361 2596 te
370 2546 398 2595 in
408 2545 592 2611 opprobriam.

260 2629 299 2690 11.
316 2638 461 2709 Imperator
480 2645 570 2694 autem
591 2641 649 2694 bac
665 2641 788 2704 audiens,
804 2642 890 2694 iratus
907 2642 1037 2696 adversus
1055 2658 1117 2695 eum
1138 2643 1324 2704 vehementer,
1339 2643 1419 2709 J‘ussit

229 2722 328 2790 dimittiei
339 2738 416 2793 simul
428 2739 543 2808 partiam
556 2753 619 2791 cum
629 2737 733 2806 tigride.
744 2739 857 2807 Egressa
869 2756 934 2792 vero
946 2739 1077 2793 animalia
1089 2741 1122 2792 de
1134 2740 1233 2804 caveis,
1245 2740 1419 2793 adcurrentia

229 2834 371 2891 mentemst
381 2855 464 2906 super
475 2837 576 2890 cellum
589 2837 739 2892 beatissimi
752 2838 879 2908 martyris
892 2843 919 2892 et
931 2839 1073 2906 complexa
1090 2844 1154 2892 sunt
1172 2856 1249 2902 euru;
1268 2846 1296 2892 et
1314 2856 1368 2892 una
1386 2855 1419 2892 ex

195 2921 456 2991 suessulanum
469 2953 500 2990 os
512 2937 579 3002 ejus,
588 2936 642 2991 alia
653 2937 833 2991 nihilominus
844 2939 971 2991 sudorem
985 2939 1018 2991 de
1027 2939 1097 2991 facie
1107 2940 1165 3006 ejus
1178 2939 1342 3006 extergebat.
1352 2939 1419 2991 Mar-

230 3016 441 3102 rutltsimperater
450 3034 618 3103 stupefactus
630 3050 712 3102 super
724 3035 859 3088 mirabilia
871 3052 933 3103 quae
946 3035 1063 3097 videbat,
1070 3034 1152 3102 jussit
1161 3039 1270 3088 taurum
1281 3035 1379 3088 adduci
1392 3041 1419 3088 et

229 3116 407 3187 littremnctum
416 3120 551 3186 Marinum
565 3133 600 3186 ad
615 3150 718 3187 cornua
731 3134 798 3202 ejus,
807 3134 841 3187 Et
852 3134 879 3186 in
895 3134 966 3187 tauri
981 3133 1132 3202 posteriora
1146 3133 1188 3187 vel
1198 3134 1279 3186 dorse
1290 3134 1420 3201 pracepit

229 3226 316 3283 “lieris
326 3231 434 3303 imponi.
447 3234 571 3302 Cumque
583 3233 701 3287 ministri
709 3233 837 3287 fecissent
846 3232 916 3286 sicut
927 3233 966 3286 eis
975 3233 1065 3286 luerat
1077 3233 1249 3300 imperatum,
1259 3233 1419 3287 ardentibus

230 3323 324 3383 anites
332 3332 386 3386 suis
397 3331 467 3386 nibil
476 3332 612 3386 sentiebat
621 3337 715 3386 taurus
722 3350 729 3395 ;
741 3333 789 3385 sed
801 3348 850 3386 nec
860 3332 1014 3400 pertinebat
1023 3332 1059 3385 ad
1069 3348 1132 3384 eum
1152 3333 1184 3384 de
1201 3332 1268 3400 ipsis
1284 3332 1419 3386 cauteriis.

197 3411 342 3496 “lollium
350 3448 399 3485 sua
410 3437 536 3485 sanctum
547 3431 596 3484 Dei
605 3436 753 3499 martyrem
761 3431 889 3500 lingebat.
899 3431 976 3484 Tunc
988 3431 1137 3484 Martianus
1149 3432 1277 3499 praecepit
1287 3431 1419 3484 ministris

230 3518 252 3566 ll
258 3521 367 3584 solverent
378 3536 505 3584 sanctum
518 3534 666 3598 martyrem
679 3535 707 3583 el
718 3530 745 3582 in
757 3530 908 3583 custodiam
922 3547 986 3584 eum
997 3530 1143 3583 mitterent.
1155 3531 1188 3583 Et
1197 3529 1353 3597 excogitans
1364 3546 1419 3596 qua

230 3624 369 3682 nllrlearita
379 3628 507 3698 praesenti
517 3610 581 3681 euin
591 3630 718 3697 privaret.

261 3714 301 3775 ¹2·
318 3726 470 3796 Simplicius
479 3730 581 3791 autem,
591 3731 682 3780 custos
691 3726 814 3787 carceris,
822 3726 1013 3779 dixit2Jebeet
1020 3734 1137 3793 potestas
1145 3734 1193 3778 tce
1198 3735 1262 3793 pest
1270 3727 1420 3792 prandium

149 3838 152 3875 :
231 3824 330 3874 “Mm‘
338 3827 494 3894 properari
505 3832 529 3876 et
535 3841 637 3891 pyrum
649 3827 780 3891 irrpentem
791 3825 853 3889 fieri
864 3832 888 3876 et
900 3826 986 3889 iprum
998 3825 1131 3888 sternendi,
1145 3831 1173 3876 nt
1186 3826 1327 3891 impositus
1339 3839 1421 3891 super

149 3926 154 4011 ’ζ
197 3902 293 3972 ΗΜ
304 3924 437 3993 dispereat.
455 3924 486 3976 Si
503 3930 592 3976 eutem
608 3925 648 3976 sic
660 3940 713 3976 nee
728 3925 815 3990 suerit
827 3931 1006 3990 ceresamptns,
1011 3924 1078 3989 jube
1094 3924 1225 3987 aedificari
1242 3925 1378 3976 cambium
1397 3930 1420 3974 et

149 4014 152 4019 ’
231 4008 402 4077 &damnet
413 4024 510 4090 ripinti
521 4022 615 4075 didiae
626 4029 649 4074 et
660 4023 767 4074 tetidem
779 4024 907 4088 noctibas,
921 4029 948 4074 at
960 4025 1099 4074 irremissus
1111 4024 1138 4073 in
1151 4025 1287 4075 cuminam
1300 4022 1421 4085 conlitea-

231 4108 487 4188 ilrdeeeetseerlficet.
496 4118 625 4173 Ministris
635 4136 700 4173 rere
712 4121 770 4172 haec
782 4120 872 4174 facere
884 4121 1051 4183 curantibus
1061 4120 1220 4189 impositum
1232 4135 1314 4188 super·
1325 4135 1421 4187 pyram

231 4199 334 4273 illicem
344 4237 398 4275 nou
408 4219 505 4289 letigit
515 4218 631 4272 Camino
643 4223 737 4272 autem
750 4219 829 4272 valde
837 4237 969 4273 succense
982 4224 1009 4273 et
1019 4219 1179 4288 splendente
1192 4235 1273 4287 super
1285 4218 1423 4271 aeruminis

230 4298 336 4383 Miseram,
343 4318 499 4388 depositum
509 4322 635 4371 sanctum
645 4317 679 4371 de
695 4334 763 4385 pyra
773 4317 946 4372 immiserunt
959 4318 985 4370 in
998 4320 1145 4372 caminum.
1159 4320 1226 4371 Cum
1242 4333 1306 4370 rere
1321 4317 1423 4369 inimis-

194 4398 217 4455 11
228 4406 346 4470 su’saisiret
353 4418 450 4471 beatas
462 4420 574 4483 martyr,
586 4415 737 4469 extendens
749 4432 847 4469 manus
860 4416 887 4469 in
897 4418 1014 4480 carniae,
1025 4416 1062 4469 ita
1072 4417 1176 4480 orabat,
1188 4416 1297 4469 dicens:
1309 4417 1424 4468 Dareine

228 4500 338 4571 &ticeli
345 4529 367 4574 et
375 4528 463 4584 lerroe,
476 4521 597 4571 marisci
608 4521 728 4572 emnium
741 4527 940 4584 ereaturarum,
950 4522 1052 4572 eraudi
1066 4536 1170 4572 serrum
1187 4526 1264 4571 turen
1280 4518 1421 4569 bincinam

227 4610 305 4679 deripe
313 4634 350 4669 me
359 4619 393 4671 ab
401 4619 451 4670 tec
464 4618 525 4683 lyae
534 4622 558 4669 ct
572 4617 666 4684 eladio
677 4619 803 4684 melleae,
813 4625 836 4669 et
854 4636 870 4670 a
888 4618 1017 4670 scarrdele
1030 4634 1104 4685 quem
1119 4618 1214 4669 steterit
1225 4616 1294 4666 arilei
1306 4616 1423 4666 Menate·

225 4720 268 4762 Μ
277 4713 376 4773 marne
386 4719 463 4773 Deris
473 4734 556 4782 mue,
565 4719 615 4786 qui
625 4718 749 4771 liberasti
760 4725 814 4770 tres
823 4735 924 4784 pareres
936 4720 968 4770 de
985 4719 1090 4770 celerino
1103 4718 1174 4782 iynie
1189 4716 1318 4777 erebatis,
1330 4716 1423 4765 Airita·

1467 1720 1473 1730 .
1501 1656 1582 1708 *ced

1466 1736 1615 1774 inmanem.

1510 1787 1575 1841 *sic

1503 2050 1516 2078 '³
1527 2052 1583 2103 ced.

1486 2116 1602 2168 Christe.

1504 3827 1516 3856 ⁸
1529 3830 1584 3881 ced.

1474 3894 1614 3947 harenam.
