3270 5400
183 355 276 407 BIBL.
294 354 376 406 REG.
395 353 567 406 BRUXELL.
587 376 634 386 -·
655 355 801 409 APPDND.
819 357 866 409 AD
884 358 964 410 COD.
978 359 1013 411 D.
1027 359 1142 412 PHILL.
1157 357 1217 412 343.
1242 337 1316 412 455

85 545 195 613 spiritus
205 546 373 601 holocausta.
379 548 421 601 Tu
431 546 547 601 Domine
559 546 894 615 acceptasti³sacrificium
902 548 1016 615 justitiis
1029 549 1056 601 in
1069 548 1316 618 paenitentiahujus

84 643 200 708 sanctifi
209 645 350 700 dimittens
367 648 392 700 ei
406 647 529 701 debitum
542 647 570 700 in
583 646 774 700 remissionem
787 646 798 681 ⁶
810 647 941 713 crIminis,
953 648 1078 716 tangens⁰
1095 648 1222 717 ingloria
1234 650 1244 682 ²
1257 665 1317 717 pas·

83 745 177 799 sionis.
190 745 232 798 Da
247 745 330 798 etiarn
343 746 355 779 ⁸
366 745 446 799 nobis
458 746 576 799 Domine
589 745 808 815 compunctionis
819 746 943 816 gratiam,
956 747 1082 801 laboris⁹
1099 748 1274 801 tolerantiam
1285 748 1316 811 ¹⁰,

84 843 235 898 efficaciam
247 844 402 914 poenitendi,
414 847 444 899 ut
455 861 504 914 per
517 845 671 914 exemplum
682 845 705 879 ¹¹
714 845 813 899 Albani
826 845 897 899 servi
913 846 953 899 tui
971 862 1127 901 mereamur
1144 850 1173 901 et
1184 863 1235 901 uos
1253 862 1316 900 curn

52 950 67 999 o
85 959 119 999 eo
132 943 156 978 ¹¹
167 960 184 997 a
196 944 297 998 nostris
309 943 477 997 facinoribus
489 943 563 998 ablui
575 949 602 998 et
614 944 799 1013 supernivem
811 945 834 979 ¹⁸
857 944 987 999 dealbari.
999 945 1088 999 Amen
1101 946 1130 999 ¹4.

199 1144 355 1217 Explicit
374 1145 498 1216 peseto
518 1147 577 1204 vel
597 1145 677 1204 vltra
698 1145 815 1204 sancti
835 1145 967 1205 Albani
987 1147 1164 1219 martyris
1181 1145 1203 1208 ¹.

380 1340 420 1394 De
432 1340 516 1408 patris
528 1340 634 1394 incestu
646 1355 745 1407 pareus
756 1339 807 1392 sibi
819 1338 876 1393 filia
885 1343 982 1393 natum
995 1338 1040 1404 (1),

414 1439 541 1493 celatura
552 1439 629 1493 netas
641 1454 677 1492 ne
688 1438 814 1492 rideatur
827 1438 888 1507 agit.

379 1539 476 1592 Fertur
485 1539 521 1592 ad
530 1537 646 1607 ignotos,
657 1537 819 1607 exponitur;
832 1537 896 1591 inde
908 1537 1013 1605 petenti

412 1636 542 1691 Traditur
551 1637 686 1705 Ungarico
698 1636 790 1705 praeda
800 1641 908 1705 reperta
916 1635 987 1690 duci.

381 1736 473 1790 Floret
484 1737 637 1805 adoptatus,
649 1736 708 1790 vult
717 1737 825 1801 ducere,
833 1735 951 1790 traditur
965 1735 1004 1790 illi
1094 1777 1098 1783 .

415 1836 509 1901 Mater,
522 1837 618 1903 amica,
627 1853 712 1900 soror,
725 1835 829 1889 femina
837 1840 924 1904 nupta
935 1851 1028 1890 nurus.

382 1936 440 1989 Rex
453 1952 547 2004 puero,
557 1952 625 2004 puer
634 1937 712 1990 uxori
725 1940 831 1989 secreta
842 1935 954 1999 revelat,

415 2034 535 2090 Credunt
544 2035 635 2099 ambo,
645 2034 749 2089 dabant
760 2033 835 2102 regia
846 2033 924 2103 signa
934 2034 1026 2089 fidem.

83 2257 117 2269 -
129 2229 141 2263 ⁸
152 2228 281 2295 accepisti
289 2229 340 2282 Db,
352 2260 382 2269 -
393 2228 468 2282 ‘hoc
481 2232 543 2282 add.
555 2230 571 2282 D
578 2249 584 2291 ;
597 2227 635 2294 (h.
645 2228 677 2293 a)
687 2245 708 2281 s.
719 2228 747 2281 h.
759 2229 783 2293 4,
795 2230 818 2282 5.
831 2257 863 2266 -
874 2229 886 2261 ⁶
897 2228 1059 2282 remissione
1071 2230 1095 2282 l.
1107 2262 1139 2270 —
1157 2228 1169 2263 ⁸
1186 2229 1315 2283 meritum

84 2314 147 2367 add.
157 2312 181 2377 2,
193 2313 219 2365 5.
229 2339 261 2350 -
274 2311 285 2344 ⁷
296 2311 412 2380 gloriam
421 2311 445 2365 3.
454 2338 486 2351 -
499 2312 511 2345 ⁸
522 2317 550 2364 et
561 2313 612 2365 2-5.
624 2340 657 2348 -
668 2312 680 2345 ⁹
692 2310 818 2365 laborum
830 2313 883 2364 D-b.
895 2340 928 2348 -
946 2311 970 2344 ¹⁰
986 2315 1014 2364 et
1032 2313 1094 2365 add.
1111 2311 1135 2364 3.
1152 2338 1185 2349 -
1204 2312 1226 2346 ¹¹
1239 2311 1317 2366 beati

84 2396 148 2448 add.
159 2393 185 2446 4.
197 2421 226 2431 -
242 2392 265 2427 ¹¹
275 2394 308 2459 (c.
318 2395 352 2460 e.)
364 2410 415 2447 om.
426 2394 450 2447 a
464 2423 494 2431 -
508 2393 531 2427 ¹⁸
543 2394 570 2447 in
584 2397 687 2448 telerna
698 2394 784 2462 gloria
793 2395 856 2447 add.
867 2392 892 2446 3.
906 2421 938 2430 -
952 2393 974 2426 ¹⁴
987 2410 1036 2447 orn.
1048 2392 1072 2458 l,
1083 2393 1108 2447 5.

119 2502 129 2535 ¹
139 2518 189 2555 om.
202 2500 254 2554 25.

119 2680 155 2747 (l)
166 2679 214 2733 lsti
225 2696 320 2734 versus
333 2680 360 2733 in
372 2680 494 2748 margine
506 2680 629 2735 inferiori
640 2696 689 2749 per
701 2695 813 2733 omnem
826 2679 963 2747 passionis
980 2679 1125 2733 decursum
1143 2685 1207 2734 sunt
1224 2679 1317 2749 scripti

85 2775 117 2814 ao
136 2760 175 2814 ita
191 2760 304 2828 singulis
317 2760 452 2816 columnis
468 2761 584 2829 subjecti
597 2765 627 2815 ut
640 2765 780 2814 contracta
797 2759 891 2829 paucis
908 2760 1029 2813 referant
1045 2776 1106 2828 quae
1122 2759 1152 2815 in
1168 2764 1245 2815 textu
1256 2777 1317 2830 pro·

85 2841 169 2897 liuius
178 2847 288 2897 narrata
300 2849 370 2897 sunt.
380 2871 411 2882 -
424 2843 472 2897 Isti
481 2859 578 2898 versus
589 2843 617 2896 iu
629 2843 673 2896 Μ
684 2860 778 2907 ωπω,,·
789 2842 818 2895 in
828 2844 846 2895 5
855 2846 947 2896 autem
957 2846 1020 2911 post
1027 2842 1184 2912 passionem
1193 2842 1232 2898 sic
1244 2862 1250 2896 :

627 3005 774 3063 Versus.

350 3145 475 3214 Concipit
486 3162 520 3200 ex
532 3146 616 3215 patris
627 3145 701 3200 coitu
713 3162 763 3200 sua
775 3145 839 3212 lilia,
851 3146 948 3200 matris

349 3229 455 3283 Nomou
467 3228 559 3292 habet,
569 3233 665 3282 uatum
674 3227 788 3297 projicit,
797 3227 886 3282 celare
895 3234 1002 3283 reatum

348 3311 473 3365 AEstimat
484 3316 567 3378 atque
578 3311 691 3364 thorum
702 3311 827 3366 vetitum.
838 3311 897 3365 Rex
908 3311 1110 3381 Hungariorum

383 3394 501 3462 Suscipit
512 3392 587 3462 prole
597 3409 701 3457 carens,
713 3393 807 3462 incipit
819 3410 879 3447 esse
891 3410 998 3462 parens.

350 3475 453 3530 Crescit
460 3475 551 3529 honor
560 3476 647 3544 pueri,
658 3475 778 3529 Romani
787 3476 906 3530 mittitur
918 3476 979 3530 heri

380 3558 456 3623 Filia,
465 3559 509 3613 cui
519 3558 614 3626 genuit
624 3557 723 3612 ultimo
735 3574 836 3626 sponsa
847 3558 907 3612 init.

351 3641 436 3695 Filius
447 3646 475 3695 et
488 3641 572 3694 trater
583 3645 624 3694 cst
634 3641 753 3708 conjunx
766 3655 923 3708 sponsoque
934 3645 1023 3694 mater

350 3724 410 3778 Rex
422 3723 547 3787 moritur,
558 3728 665 3792 gestum
677 3727 771 3776 narrat
778 3737 862 3790 puero
875 3721 927 3775 sibi
936 3727 1072 3785 maestum,

383 3807 444 3874 lpse
456 3805 540 3859 refert
551 3804 641 3870 matri,
653 3803 766 3859 mandat
777 3807 892 3871 uterque
904 3803 982 3873 patri.

350 3889 407 3943 Res
418 3888 490 3942 male
503 3887 591 3946 radit:
603 3887 643 3940 ita
653 3886 724 3940 sicut
736 3886 831 3940 dicunt
839 3886 954 3941 eremita

350 3971 470 4039 lnjungit
478 3986 570 4039 penas
581 3973 708 4038 septenas
717 3969 792 4023 laxat
801 3969 925 4023 habenas

351 4054 478 4122 Dumque
489 4051 572 4106 simul
583 4056 707 4121 pergunt,
719 4052 785 4106 dum
796 4052 887 4107 flendo
899 4052 1014 4106 crimina
1025 4056 1142 4121 tergunt.

351 4135 457 4204 Decipit
468 4134 622 4203 Augustum
632 4133 775 4198 Sathauas‚
784 4150 849 4188 narn
861 4134 975 4188 crimine
984 4135 1089 4203 justum

350 4217 470 4272 Polluit:
482 4217 622 4270 scitorum
635 4220 775 4285 stupratur
786 4215 850 4270 filia.
862 4214 965 4271 Verum

351 4300 435 4354 Filius
446 4299 500 4352 hoc
513 4298 580 4352 vidit
592 4303 619 4352 et
630 4302 779 4367 utrumque
791 4299 862 4352 iuste
874 4298 979 4362 cecidit,

351 4383 395 4436 Sic
403 4397 514 4450 quoque
526 4379 697 4449 delinquens,
709 4379 850 4449 proprium
859 4383 1032 4450 patriamque
1041 4381 1201 4451 relinquens

352 4463 476 4516 Austerae
489 4460 550 4514 vitre
563 4477 592 4513 se
602 4459 713 4513 tradidit
722 4476 754 4512 ac
767 4461 908 4514 heremitas

351 4543 454 4614 lugiter
466 4541 571 4596 attrivit
580 4557 700 4608 carnem,
712 4542 865 4610 caelumque
877 4543 974 4613 petivit

353 4625 482 4696 Regnans
491 4640 553 4679 cum
564 4623 673 4677 Christo
686 4624 790 4678 mundo
800 4623 923 4678 sublatus
935 4624 969 4677 ab
982 4624 1050 4678 isto:

387 4706 486 4762 Albani
499 4707 555 4761 vita
564 4705 734 4760 versificatur
744 4705 790 4759 ita.
