3270 5400
324 330 398 403 492
660 356 786 410 caras.
812 358 915 409 conn.
941 357 1222 413 sacroosxemc.

366 540 467 597 VIII.
494 541 617 607 Quorum
636 542 728 611 itaque
745 542 882 612 completo
902 547 1040 601 sociomm
1056 546 1409 611 numero,remetiebantur
1425 546 1552 602 Gallicum

327 639 417 692 denuo
431 639 483 692 iter
498 654 560 692 cum
578 637 686 705 gaudio.
698 636 751 690 Sed
763 654 825 691 cum
837 638 872 691 ad
884 638 912 692 id
928 639 980 694 loci
998 647 1159 710 perventum
1172 647 1253 704 esset,
1264 658 1321 710 qno
1333 642 1453 711 quisque
1464 643 1552 696 urbem

329 736 380 790 sibi
393 742 466 791 sorte
478 736 630 805 delegatam
645 735 774 789 inviseret
783 755 790 798 ;
799 751 924 791 cerneres
940 745 1099 793 sanctorum
1113 740 1274 794 societatem
1292 756 1357 794 cum
1375 740 1486 809 pietatis
1496 741 1554 794 hdo

328 835 498 904 corporalem
518 835 572 903 pati
593 835 767 898 divisionem
786 838 912 903 quamvis
928 837 957 890 iu
975 837 1072 892 intimo
1093 842 1249 892 remaneret
1268 839 1462 895 indissolubile
1480 841 1553 895 unius

332 933 472 987 vinculum
486 932 646 986 dilectionis.
659 932 730 1000 Quid
743 934 815 986 enim
827 934 928 988 mimm
940 936 964 988 si
975 936 1063 990 sandi
1073 937 1108 990 ad
1119 937 1237 991 invicem
1248 938 1372 1006 gaudent
1382 938 1488 992 habere
1498 955 1553 993 eon-
1567 956 1579 1001 a

330 1033 493 1095 tuberninrn,
505 1050 567 1086 curn
582 1034 663 1086 etiarn
678 1032 807 1099 putribile
823 1034 979 1088 membrum
991 1052 1007 1088 a
1021 1036 1085 1090 rivo
1097 1052 1212 1104 corpore
1225 1035 1319 1089 divelli
1336 1037 1375 1089 sit
1389 1037 1555 1105 supplicium.

330 1131 460 1186 Baculum
475 1147 539 1200 ergo
551 1148 606 1200 quo
616 1132 698 1185 irater
710 1134 857 1186 mortuus*
868 1132 958 1186 iuerat
966 1133 1150 1197 resuscitatus,
1158 1135 1210 1189 sibi
1223 1139 1288 1188 sunt
1299 1135 1420 1188 invicem
1435 1136 1555 1205 impertiti

330 1231 366 1285 ob
383 1231 545 1285 memoriam
566 1230 691 1284 videlicet
708 1230 780 1284 beati
798 1231 919 1300 magistri
937 1233 979 1286 sui
997 1238 1026 1286 et
1046 1234 1074 1287 in
1093 1233 1196 1287 amoris
1213 1235 1311 1302 pignus
1329 1234 1453 1288 fraterni.
1465 1234 1555 1288 sem

332 1328 465 1392 Clemens,
486 1329 546 1383 aliis
564 1330 597 1382 ad
614 1330 715 1382 moenia
734 1329 785 1382 sibi
806 1328 936 1384 divinitus
956 1331 1093 1401 assignata
1112 1332 1297 1401 pergentibus,
1317 1350 1383 1387 curn
1407 1334 1490 1387 sociis
1506 1333 1556 1387 suis

330 1427 443 1482 Cratestc
455 1433 537 1497 atque
549 1428 637 1481 Felice
649 1428 796 1481 lletensem
816 1433 890 1482 recto
903 1428 999 1483 itinere
1011 1446 1152 1499 aggressus
1163 1435 1205 1484 est
1216 1432 1314 1485 urbem
1327 1449 1400 1501 quae,
1413 1438 1444 1485 ut
1454 1433 1553 1501 quidam
1572 1446 1592 1497 m

332 1526 436 1590 volunt,
448 1546 465 1580 a
474 1527 553 1580 lletio
566 1528 668 1580 victore
677 1543 727 1580 suo
737 1543 839 1581 nomen
848 1533 890 1581 est
898 1529 1003 1593 sortita,
1016 1530 1101 1583 redut
1112 1530 1203 1583 verius
1214 1531 1323 1584 ridetur
1334 1548 1351 1584 a
1363 1531 1418 1585 loci
1430 1531 1557 1599 positione

330 1626 370 1679 sic
382 1625 547 1687 nominatur,
559 1625 623 1693 quia
632 1625 745 1679 llumina
754 1626 824 1680 inter
836 1628 891 1680 duo
903 1627 1017 1681 tundata
1028 1628 1112 1691 blatis,
1124 1628 1201 1697 quasi
1219 1628 1342 1693 blesis,
1360 1630 1417 1682 hoc
1426 1636 1468 1683 est
1477 1630 1557 1684 media

332 1730 454 1778 vocatur.
473 1724 544 1778 Usus
570 1725 644 1777 euim
671 1723 769 1793 lingua
798 1725 917 1794 vulgaris
941 1742 1120 1795 corrumpens
1139 1727 1332 1795 antiquitatem
1357 1729 1495 1782 sermonis
1514 1743 1557 1796 pro

331 1822 436 1877 blesis
460 1822 528 1877 dixit
554 1823 668 1888 dietis,
692 1823 764 1876 sicut
786 1824 869 1878 etiarn
893 1824 978 1878 nostri
998 1841 1149 1895 cognomen
1169 1825 1277 1894 patroni
1299 1842 1352 1894 pro
1372 1827 1484 1880 Fabio
1499 1825 1559 1880 dixit

334 1921 418 1976 slav
428 1921 435 1974 i
446 1937 490 1976 us.
512 1921 647 1975 Dirinitus
662 1938 728 1975 vero
747 1938 803 1976 non
821 1928 893 1977 sorte
908 1923 1009 1977 talibus
1024 1923 1143 1991 insigniti
1160 1916 1226 1978 suxit
1242 1925 1415 1989 nominibus,
1430 1926 1555 1979 caelestem
1571 1939 1592 1987 rs

334 2021 380 2087 qui
398 2019 553 2074 felicitatem
573 2020 600 2073 in
618 2019 705 2088 primo
726 2020 859 2090 perditam
872 2026 983 2090 parente
999 2023 1144 2091 denuoque
1160 2023 1305 2077 clementia
1319 2023 1371 2077 Dei
1382 2030 1554 2078 restauratam

337 2119 417 2173 nobis
425 2136 473 2188 per
481 2120 631 2173 doctrinam
644 2136 722 2173 suam
736 2120 953 2175 manifestavere.

368 2217 536 2272 Venerabilis
548 2218 639 2287 itaque
650 2220 778 2272 sacerdos
789 2219 845 2273 suis
858 2236 919 2274 curn
932 2220 1069 2288 praedictis
1086 2220 1166 2274 sociis
1178 2221 1250 2275 intra
1261 2238 1319 2274 suae
1331 2222 1467 2277 terminos
1478 2223 1556 2277 dioce-

160 2326 174 2353 ·
182 2328 267 2395 μεμε
336 2317 373 2370 sis
386 2318 542 2373 adveniens.
554 2333 609 2371 non
623 2317 685 2370 ilico
697 2317 799 2371 moenia
816 2319 891 2372 urbis
903 2318 1025 2372 introivit
1037 2320 1058 2381 ⁸,
1070 2321 1117 2373 sed
1129 2320 1164 2373 ad
1181 2320 1273 2375 locum
1292 2322 1445 2389 quemdam
1458 2320 1557 2376 divertit

162 2390 253 2447 inimi
335 2415 422 2485 quiex
436 2416 538 2485 gurgite
551 2415 694 2470 inundanti
715 2416 840 2470 Gorzia
858 2433 959 2470 nornen
972 2417 1083 2486 accepit.
1100 2417 1152 2484 Qut
1168 2434 1267 2487 gurges
1279 2419 1403 2473 maxima
1414 2420 1554 2489 principum
1569 2429 1591 2480 lt

334 2513 467 2569 industria
477 2518 504 2566 et
516 2514 663 2582 peritorum
674 2518 732 2568 arte
742 2514 967 2583 captivorumque
979 2515 1081 2580 labore,
1090 2516 1136 2584 qui
1146 2515 1254 2580 talibus,
1266 2522 1297 2571 ut
1305 2517 1373 2570 olim
1384 2517 1434 2571 tilii
1445 2517 1557 2572 lsraeliu

335 2610 449 2680 AEgipto,
466 2611 649 2679 religabantur
661 2611 765 2675 ostiolis,
775 2627 822 2680 per
831 2611 987 2680 geometria
1000 2612 1133 2666 diametra
1144 2629 1193 2682 per
1204 2630 1264 2682 quae
1276 2615 1415 2682 quosdam
1429 2631 1556 2670 mensura·

335 2725 395 2762 rum
410 2708 548 2777 geniculus
559 2709 751 2772 ascendebant,
760 2713 842 2777 atque
851 2708 957 2777 lapidea
965 2709 1157 2777 conjunctione
1166 2711 1361 2780 montiumque
1370 2713 1556 2783 interruptione

337 2812 364 2861 et
375 2807 472 2874 aequali
485 2823 595 2860 arcuum
610 2807 781 2875 porrectione
792 2808 902 2861 meabat
914 2824 1001 2875 usque
1013 2809 1047 2862 ad
1060 2808 1134 2861 urhis
1146 2810 1293 2875 theatrum,
1302 2815 1331 2863 et
1342 2811 1424 2880 quasi
1435 2827 1483 2880 per
1492 2811 1555 2865 cuni·

338 2906 414 2960 culos
427 2906 645 2959 cntlrnrnctarum
665 2906 807 2959 intercisos
818 2906 989 2971 decurrebat,
1005 2911 1036 2960 ut
1055 2907 1133 2975 quasi
1151 2906 1299 2977 spiramine
1321 2909 1434 2978 spiritus
1452 2908 1589 2978 imputas

337 3008 457 3062 velocius
474 3007 622 3074 proflueret
634 3007 713 3060 unda.
726 3006 778 3060 Ubi
796 3011 889 3061 autem
901 3007 1051 3075 depluerat,
1063 3024 1197 3076 congruos
1214 3009 1266 3063 sibi
1283 3009 1361 3063 lacus
1373 3025 1423 3079 per
1433 3011 1555 3064 subterra·

338 3122 420 3161 neum
439 3111 571 3169 meatum,
589 3105 668 3159 Salia
686 3105 760 3158 tlurii
774 3105 935 3173 penetrabat
946 3105 1064 3159 alveum.
1076 3106 1162 3174 Digne
1173 3106 1261 3174 primo
1279 3107 1326 3160 hic
1344 3106 1554 3176 crediturbospi·

336 3210 407 3259 tasse
421 3204 468 3258 Dei
481 3205 578 3268 virum,
590 3204 663 3258 unde
672 3203 732 3257 urbi
744 3203 849 3272 liquens
861 3203 1013 3272 proiluebat
1024 3204 1204 3268 elementum
1215 3206 1280 3273 quia
1290 3206 1341 3260 Dei
1351 3207 1455 3261 donum
1467 3206 1554 3273 exejus

335 3303 485 3358 ministerio
503 3303 607 3357 nobis
629 3307 686 3356 crat
707 3303 914 3367 infundendum,
932 3304 1083 3357 secuudum
1104 3303 1170 3358 illud
1191 3304 1386 3372 propheticum
1405 3308 1417 3332 ⁸
1436 3305 1555 3361 lluminis

335 3403 452 3471 irnpctus
464 3403 581 3456 lrstitlcnt
593 3403 731 3456 civitatem
746 3402 794 3455 Dei
810 3442 830 3465 ,.
843 3401 901 3465 llic,
913 3401 1034 3469 inquam,
1046 3403 1091 3455 hic
1102 3402 1200 3456 beatus
1212 3402 1340 3458 Clemens
1353 3405 1443 3473 primo
1460 3403 1554 3467 resedit,
1566 3410 1587 3461 tr

340 3502 384 3555 lric
399 3518 475 3555 aram
488 3501 631 3555 radiilcuvit
643 3517 723 3568 (quarn
735 3483 793 3553 Deo
803 3504 831 3553 el
840 3500 920 3553 beato
930 3499 1012 3554 Petro
1024 3502 1202 3555 consecrarit.
1215 3501 1266 3555 llic
1276 3502 1439 3571 aliquandiu
1449 3508 1553 3558 conten·

335 3600 448 3670 plutioni
461 3600 559 3654 divium
572 3602 687 3663 vucavit,
707 3600 830 3653 imitatus
847 3599 984 3653 Christum
999 3598 1076 3666 cujus
1087 3603 1146 3653 crat
1156 3601 1299 3669 templum,
1310 3602 1360 3670 qui
1372 3599 1554 3657 ascendeusab

337 3716 408 3769 aqua
417 3699 544 3754 iordanis
556 3715 611 3752 non
620 3699 711 3751 statim
725 3697 954 3767 pradicationem,
972 3702 1176 3767 propterquam
1189 3704 1311 3764 venerat,
1323 3699 1473 3765 inchoarit,
1484 3700 1555 3755 sedin

338 3799 474 3852 desertum
497 3797 615 3862 secessit,
633 3801 714 3864 atque
726 3796 866 3865 triumpho
878 3795 976 3864 triplici
992 3795 1134 3849 trisulcum
1147 3796 1250 3851 diaboli
1268 3798 1405 3853 assultum
1424 3797 1555 3869 superarit

336 3897 415 3950 iosus
426 3897 472 3950 XL
484 3896 581 3950 diebus
590 3895 693 3963 absque
703 3896 790 3949 victus
799 3895 996 3949 sustentatione
1006 3894 1151 3959 indeserto
1161 3896 1328 3964 perdurarit,
1338 3897 1438 3953 beatus
1446 3899 1556 3953 Clemens
1567 3901 1587 3952 u

341 3997 416 4050 victu
434 3995 543 4048 modico
556 4011 619 4047 cum
632 4009 752 4062 paupere
765 3998 831 4062 potu
842 3993 962 4062 lymphae
973 3997 1079 4047 tantum
1085 3994 1306 4060 sustentabatur,
1318 4012 1377 4050 non
1388 3998 1556 4056 saturabatur,

344 4094 508 4162 Dominique
520 4093 634 4162 gratiam
645 4092 860 4162 prestolabatur.
869 4091 964 4146 Gorzia
974 4108 1039 4145 vero
1049 4097 1112 4146 tunc
1121 4093 1255 4162 temporis
1266 4094 1346 4148 locus
1361 4096 1474 4165 quidam
1491 4095 1556 4149 silre»

337 4193 432 4247 strium
450 4198 508 4246 erat
520 4194 655 4251 terarum:
668 4192 716 4244 sed
729 4191 829 4245 amodo
844 4191 993 4258 jocundum
1011 4192 1068 4245 Deo
1084 4194 1183 4245 coetum
1196 4191 1274 4246 loret'
1283 4195 1494 4250 monachorum.
1504 4192 1556 4255 illie,

341 4297 372 4345 ut
386 4292 557 4360 praelibatum
571 4296 620 4354 est,
632 4291 760 4344 sacerdos
773 4291 944 4344 venerandus
955 4290 1007 4343 sibi
1025 4291 1177 4344 construxit
1188 4290 1373 4356 mansionem,
1384 4295 1497 4362 Deoque
1505 4307 1556 4346 auu

342 4391 398 4445 suis
410 4390 642 4444 commilitonibus
655 4390 709 4443 ittic
721 4388 870 4443 exhibebat
878 4388 1049 4456 obsequium.
1059 4388 1206 4442 obsecrans
1217 4389 1349 4458 quatinus
1357 4393 1509 4460 injunctum
1515 4388 1557 4445 ubi
1568 4393 1588 4444 tr

341 4489 462 4543 oltlcium
476 4489 605 4542 divinitus
618 4490 763 4542 duceretur
771 4488 806 4541 ad
816 4488 944 4541 ellectum
953 4493 981 4540 et
989 4487 1053 4540 ildei
1062 4488 1227 4556 panderetur
1235 4489 1466 4545 archanumlloc
1476 4491 1558 4546 mtoeo

342 4588 523 4641 commoranti
536 4604 591 4640 non
603 4587 689 4640 deluit
700 4585 831 4641 divinitus
842 4585 1043 4640 administratio
1056 4585 1118 4639 cibi.
1137 4585 1205 4640 Nam
1218 4585 1267 4655 qui
1285 4603 1336 4655 per
1353 4605 1468 4644 corvum
1486 4603 1558 4658 quon·

343 4687 405 4740 clrrnr
424 4686 516 4754 llelra»
528 4688 643 4754 pnslmit
659 4691 776 4756 pastum,
796 4702 846 4739 suo
867 4690 937 4739 nutu
954 4701 1003 4753 per
1020 4685 1151 4739 ruricolas
1167 4685 1421 4742 circummanentes
1441 4684 1559 4744 Clementi
