3270 5400
352 366 445 419 arar.
463 366 547 419 aaa.
564 366 737 419 anonam.
757 388 802 398 -
824 366 970 419 apruxo.
988 368 1034 418 nu
1052 368 1132 419 coo.
1151 359 1189 419 ΝΟ
1207 367 1331 421 asar-rs.
1392 349 1458 420 147

236 563 291 610 tem.
302 582 333 593 -
346 556 443 610 Frater
460 557 507 626 qui
524 573 559 611 ex
578 557 668 611 calore
685 556 804 611 romaeis
822 557 902 611 unius
921 557 993 611 oculi
1011 559 1098 612 visum
1117 558 1253 621 amiserat,
1265 574 1282 610 a
1293 562 1388 611 sancto
1400 558 1459 611 viro

236 654 366 722 dgnaculo
395 654 484 707 crucis
506 659 603 717 tactus,
624 657 796 724 recuperarit
819 655 950 725 integram
978 656 1133 711 sanitatem.
1159 685 1190 695 -
1219 658 1341 711 Fratrem
1365 655 1460 725 Eugei-

237 753 334 807 bertum
353 752 566 817 Theutouicum,
582 754 721 821 juvenem,
739 771 801 816 cunr
821 755 896 808 febre
914 762 1056 824 gravatum
1082 757 1211 824 magister
1227 756 1368 825 aspiceret,
1392 754 1461 809 dixit

236 853 254 907 ei
275 872 281 906 :
303 854 337 907 Si
357 855 440 920 fidem
456 855 576 921 liobam,
597 856 648 922 fiii,
665 856 698 909 ab
717 857 874 922 infirmitate
897 864 945 909 tua
963 874 1058 924 possea
1078 860 1160 909 citius
1180 858 1302 909 liberari.
1325 854 1459 921 Quicum

213 958 258 1006 ise
278 952 396 1007 firmiter
419 953 530 1007 credere
554 953 664 1017 diceret,
681 954 825 1023 imponens
844 955 868 1007 ei
886 971 986 1008 manus
1002 955 1063 1023 pius
1081 960 1165 1023 pater,
1183 955 1253 1008 dixit
1276 976 1282 1008 ε
1303 957 1336 1008 lu
1355 959 1461 1009 norrrine

237 1052 339 1105 bonini
357 1054 473 1119 recipies
494 1057 653 1118 sanitatem
671 1058 698 1106 et
715 1053 808 1106 statim
827 1053 862 1106 ab
886 1054 961 1107 omni
986 1054 1062 1106 febre
1086 1058 1195 1107 curatus
1220 1061 1269 1107 est.
1297 1085 1329 1092 —
1357 1054 1460 1107 Praee-

236 1149 321 1204 deutes
342 1150 357 1180 *
377 1150 406 1204 iu
426 1150 473 1205 ria
492 1151 561 1206 socii
580 1151 668 1206 sancti
687 1152 780 1220 patris,
801 1152 929 1206 viderunt
948 1153 1097 1220 quamdam
1114 1153 1143 1206 in
1162 1169 1261 1222 campo
1283 1169 1365 1221 quem
1386 1159 1460 1207 trau·
1495 1154 1635 1231 ‘Proced

236 1248 316 1302 aibant
325 1256 541 1318 praecurrentem
554 1250 721 1313 mustellam,
729 1250 876 1305 intrantem
889 1268 1001 1305 caream
1015 1268 1102 1305 suam.
1111 1252 1282 1320 Sequebatur
1294 1258 1387 1306 autem
1397 1269 1459 1306 cum
1484 1226 1635 1339 [ῗρῆῗθξξ

237 1348 399 1404 thesaurario
419 1350 453 1405 de
470 1351 624 1417 Leusanua,
642 1351 785 1405 conferens
804 1352 837 1405 de
854 1352 927 1405 iesu.
944 1351 1161 1417 subsistentibus
1179 1356 1242 1405 ante
1262 1369 1375 1405 caream
1394 1352 1463 1406 dixit

209 1452 228 1499 tt
238 1448 374 1518 magister:
389 1452 464 1517 Quid
471 1452 515 1503 irie
523 1453 625 1504 etatis?
637 1450 672 1503 At
684 1448 722 1505 illi
733 1470 739 1503 :
749 1452 948 1513 Pulcherrima,
961 1450 1096 1518 inquiunt,
1109 1459 1133 1503 et
1143 1453 1340 1505 candidissima
1353 1454 1462 1505 bestiola

239 1556 336 1601 antrum
346 1551 398 1602 iroc
409 1552 532 1603 intrarit.
550 1549 627 1603 'l'unc
644 1550 777 1604 inclinans
795 1550 880 1603 sevir
896 1554 1009 1603 sanctus
1027 1570 1033 1603 ι
1052 1551 1196 1618 Eprcrlere,
1214 1551 1260 1613 ait,
1274 1552 1461 1619 pulcherrima

241 1647 343 1705 batiola.
356 1656 386 1699 ut
398 1664 448 1701 nos
458 1648 715 1702 circumscribor
733 1647 778 1701 illa
792 1648 934 1716 egrediens
951 1648 979 1702 in
992 1665 1023 1702 os
1035 1649 1186 1707 foraminis.
1198 1649 1254 1702 fixo
1267 1649 1366 1702 intuitu
1379 1648 1463 1717 respi-

243 1743 315 1798 ciebat
326 1746 355 1798 in
366 1751 503 1800 sanctum.
515 1746 577 1815 lpse
586 1763 652 1800 vero
663 1747 847 1801 anterioribus
858 1747 973 1816 pedibus
985 1748 1043 1813 ejus
1055 1764 1169 1801 manum
1183 1747 1368 1811 substernens,
1381 1747 1462 1800 aliam

245 1858 341 1897 nauum
349 1860 399 1913 per
407 1850 492 1914 caput
503 1845 577 1899 illius
589 1846 666 1900 duxit
679 1846 872 1915 frequentaret
883 1848 1004 1910 dorsum,
1016 1846 1112 1900 leviter
1125 1846 1297 1900 blandiendo.
1307 1847 1369 1913 Quo
1382 1847 1464 1909 iacta,

217 1942 236 1989 ll
246 1958 295 1996 cunr
310 1945 394 1999 voluit
412 1946 500 2000 dixit:
514 1948 595 2000 Morio
607 1955 737 2001 rever-tere
749 1950 777 2000 iu
794 1950 883 2002 iocum
894 1956 979 2011 turim,
991 1956 1014 2000 et
1026 1949 1176 2001 benedictae
1189 1948 1263 1999 Deae
1274 1954 1381 1999 creator
1391 1953 1463 1999 tuas.

248 2038 324 2095 Statim
335 2042 381 2096 illa
391 2043 507 2097 insuam
526 2045 701 2098 cavernulam
712 2062 741 2099 se
754 2046 863 2115 recepit.
876 2046 899 2100 Ο
912 2045 1064 2114 purissimae
1077 2046 1159 2109 huius
1172 2045 1221 2097 riri
1235 2061 1341 2104 rnanus,
1351 2045 1385 2097 ad
1398 2060 1464 2113 qua·

250 2152 295 2191 rura
309 2147 462 2196 contactum
482 2144 649 2197 tentationes
666 2144 808 2198 diabolicae
826 2146 934 2199 cedunt.
952 2144 1041 2197 morbi
1060 2149 1088 2197 et
1105 2144 1249 2213 languores
1267 2144 1418 2196 abscedunt
1436 2149 1463 2196 et

252 2232 366 2292 adamita
377 2240 474 2295 bestiae
486 2258 515 2296 se
529 2243 648 2297 atterunt
661 2247 688 2297 et
699 2243 841 2297 accedunt.

421 2447 474 2502 De
494 2442 659 2514 puritate
679 2445 716 2502 et
736 2443 954 2515 perfectione
976 2445 1152 2503 vtrtutum
1174 2445 1265 2516 ejus.

177 2584 180 2651 Ι
227 2624 248 2675 2⁰
285 2626 331 2686 22.
347 2633 419 2687 luter
431 2638 524 2687 cetera
536 2632 712 2687 carismatum
726 2634 798 2687 dona
817 2633 917 2701 quibus
935 2641 1044 2688 structus
1058 2635 1109 2688 iste
1121 2639 1198 2702 pater
1210 2634 1306 2702 plenus
1319 2635 1378 2689 t'uit.
1390 2651 1463 2702 qua*-

259 2722 334 2783 bain
350 2730 408 2800 ipso
420 2731 572 2785 secundum
591 2731 690 2784 dirina
703 2731 854 2785 voluntatis
866 2731 1028 2800 sapientiam
1041 2732 1195 2785 evidentius
1207 2732 1371 2785 claruerunt.
1388 2732 1464 2784 biens
1501 2800 1504 2805 .

260 2821 301 2886 tius
309 2841 373 2893 bura,
383 2829 420 2882 ab
431 2829 616 2883 exterioribus
628 2830 774 2892 abstracta,
786 2828 920 2898 spirituali
932 2829 1105 2883 meditationi
1122 2829 1222 2891 dedita,
1234 2830 1423 2882 delectabatur
1435 2829 1463 2883 iu

259 2918 347 2981 domiuo
358 2929 435 2998 eique
444 2929 547 2998 jugiter
559 2928 710 2983 intentione
722 2929 904 2983 indissolubili
917 2930 931 2959 ¹⁸
943 2929 1110 2982 adhaerebat.
1123 2929 1187 2981 Erat
1199 2931 1223 2982 ei
1242 2930 1357 2997 proinde
1375 2930 1462 2983 oratio
1489 2989 1493 3000 Ι
1536 2925 1559 3000 Ι*
1571 2928 1626 2978 coci.

260 3020 364 3092 Murus,
375 3028 531 3096 devotaque
543 3028 623 3082 ralde
641 3028 790 3081 multarum
808 3028 905 3081 estusio
918 3028 1104 3081 lacrimarum.
1115 3028 1196 3081 Zelus
1208 3028 1292 3081 etiam
1313 3029 1463 3082 vehemens
1487 2990 1618 3044 ¹nd¹⁵⁵⁰h¹

228 3114 329 3177 italam
342 3126 492 3181 animarum
511 3127 673 3180 accenderat
693 3126 866 3195 singulariter
884 3142 992 3178 sacrum
1010 3131 1104 3193 pectus
1122 3126 1211 3194 bajus,
1230 3126 1394 3194 Ordinisque
1420 3128 1462 3180 sui

259 3216 361 3278 diaboii
371 3226 405 3279 ad
422 3225 535 3279 laudern
555 3226 603 3279 Dei
616 3242 696 3278 antor
707 3231 835 3293 rapuerat
847 3231 933 3279 totam
946 3230 1068 3279 mentem
1086 3242 1173 3278 suam.
1186 3226 1309 3279 Instabat
1321 3242 1384 3294 omo
1397 3227 1463 3279 totis

257 3315 425 3386 vitibuslucra
442 3324 589 3378 Dominica
606 3340 733 3392 quaerens
745 3325 773 3377 in
791 3325 868 3378 omni
887 3325 948 3378 loco
967 3329 994 3377 et
1011 3329 1143 3392 tempore,
1155 3324 1264 3391 publice
1282 3328 1308 3377 el
1326 3325 1462 3393 privatim.

177 3466 180 3473 .
255 3414 406 3477 temnebat
417 3423 575 3495 provincias
587 3429 614 3477 et
632 3423 766 3479 civitates.
783 3425 972 3494 evangelizans
985 3430 1012 3477 et
1023 3425 1188 3478 annuntians
1207 3425 1335 3478 omnibus
1347 3441 1460 3492 regnum

177 3508 179 3523 ²
252 3514 297 3571 bei.
306 3519 363 3575 Erat
373 3528 463 3579 autem
479 3522 639 3592 praedicatio
652 3525 712 3592 ejus
723 3524 842 3592 gratiosa
853 3524 988 3577 universis
999 3529 1026 3577 et
1038 3530 1127 3592 grata3
1140 3540 1190 3577 nec
1203 3529 1244 3577 est
1256 3525 1382 3577 inventus
1395 3541 1461 3592 prae-

210 3612 335 3673 troam
351 3622 445 3676 similis
464 3621 503 3675 illi
523 3623 552 3676 in
571 3622 671 3676 mellea
688 3622 832 3676 dulcedine
850 3628 878 3675 et
894 3622 980 3675 lactea
1000 3621 1143 3675 suavitate.
1161 3622 1280 3689 ideoque
1298 3621 1461 3674 audiebatur

245 3715 319 3775 aride.
329 3720 389 3789 quia
401 3720 532 3776 diffusum
544 3728 603 3777 erat
614 3739 663 3792 per
674 3722 788 3791 gratiam
803 3723 830 3775 iu
848 3722 928 3775 labiis
945 3724 1004 3790 ejus
1021 3722 1136 3775 verbum
1149 3722 1248 3789 gratia.
1262 3721 1330 3774 Vere
1342 3721 1421 3773 virus
1433 3725 1461 3774 et

240 3816 325 3873 efficax
341 3820 391 3875 luit
410 3838 503 3876 sermo
521 3822 571 3876 Dei
589 3824 618 3877 iu
636 3840 683 3877 ore
703 3823 786 3891 ipsius
804 3828 831 3876 ct
848 3821 1042 3892 penetrabitior
1054 3821 1128 3875 omni
1146 3821 1243 3888 gladio.
1262 3819 1368 3873 Occidit
1385 3819 1459 3872 enim

238 3916 319 3971 verbis
334 3919 388 3973 oris
406 3921 449 3975 sui
471 3920 607 3990 plurimos
624 3922 688 3976 huic
707 3922 831 3975 virentes
848 3921 948 3984 seculo,
961 3936 1123 3988 rursumque
1142 3920 1260 3988 peccatis
1273 3924 1397 3972 mortuos
1408 3935 1459 3972 suo

233 4015 373 4072 vivificavit
388 4019 510 4088 eloquio.
529 4021 701 4090 Benignitate
718 4023 839 4077 caritatis
859 4038 1023 4090 morumque
1043 4021 1170 4074 suavium
1189 4020 1334 4073 honestate
1354 4018 1460 4071 cunctis

184 4116 214 4167 ³³
228 4114 389 4173 reddebatur
399 4119 540 4183 amabilis,
549 4120 816 4191 religiosissimeque
826 4121 888 4174 ritae
896 4121 1041 4175 sanctitate
1051 4119 1179 4173 omnihus
1188 4119 1277 4172 extitit
1285 4118 1459 4172 venerabilis.

226 4216 434 4285 impertiebatur
445 4236 476 4273 se
489 4220 551 4274 aliis
567 4222 672 4291 absque
689 4222 732 4276 sui
750 4222 922 4284 detrimento,
934 4219 1080 4288 proticieus
1092 4219 1277 4286 quorumlibet
1295 4218 1459 4272 utilitatibus

221 4332 285 4370 curu
297 4316 393 4372 salutis
403 4318 522 4389 propriae
532 4319 713 4375 incremento.

504 4524 557 4582 ne
578 4524 774 4594 prudentie
796 4522 1065 4594 responsionum
1086 4521 1173 4592 etus.

262 4708 321 4771 23.
339 4712 461 4768 Dulcerlo
475 4713 622 4767 verborum
635 4714 695 4782 ejus
704 4712 871 4767 maturitatis
880 4730 911 4766 ac
924 4710 1096 4766 discretionis
1108 4710 1164 4763 sale
1176 4709 1363 4771 condiebatur,
1374 4712 1456 4775 atque
