3270 5400
359 378 450 430 sier..
467 376 548 430 uro.
568 376 740 430 nuuxrun.
759 396 807 409 -
824 376 905 429 con.
924 370 961 429 r⁰
978 374 1103 429 eoos-ro.
1277 353 1349 428 219

333 686 486 775 cxxu.
513 685 637 773 codex
664 686 850 798 signatus
875 684 1131 777 1108609-20.

151 926 292 983 l'oliorum
302 928 352 983 239
363 930 472 999 (praeler
483 929 600 984 insiticia
615 929 686 997 tria),
704 929 800 984 lorum
818 929 915 983 medise
928 929 1017 996 (0227
1029 936 1054 986 Χ
1066 930 1160 995 0,178),
1169 928 1249 983 lineis
1260 928 1348 998 plenis

112 1026 310 1096 utplurimum
322 1028 438 1099 (aliquot
455 1030 528 1084 euim
545 1028 612 1083 folin
630 1029 657 1083 iu
675 1029 743 1083 dues
760 1030 903 1083 columnus
920 1028 1009 1082 divise
1020 1029 1095 1093 sunl)
1106 1028 1239 1097 graphide
1250 1028 1348 1093 duciis,

113 1130 248 1180 exaratus
259 1125 370 1181 iueuule
385 1127 479 1181 seculo
496 1126 564 1181 XIV.
577 1126 661 1181 Tituli
678 1125 839 1196 plerumque
857 1126 1000 1191 rubrieuli;
1017 1126 1046 1180 iu
1064 1125 1203 1180 nonnullis
1220 1126 1346 1195 quaedam

114 1240 202 1279 voees
212 1224 306 1291 rubro,
317 1225 379 1281 uliae
390 1225 470 1279 viridi
482 1226 623 1294 deseriplae
639 1230 712 1290 sunl,
723 1225 809 1280 semel
825 1225 965 1280 admixtus
982 1224 1059 1279 color
1076 1224 1216 1279 ceruleus.
1229 1224 1347 1279 Eosdem

112 1322 225 1378 colores
232 1324 359 1378 adhibuit
366 1323 561 1379 vermiculalor
569 1326 604 1379 ad
614 1325 751 1379 ornandas
759 1325 879 1395 majores
887 1324 1001 1389 litteras,
1010 1341 1066 1378 non
1075 1324 1186 1394 quidem
1196 1324 1346 1378 admodum

113 1422 221 1477 eximia
232 1427 300 1477 arte.

150 1520 228 1576 rouo
247 1520 345 1575 ultimo
371 1522 407 1575 ad
427 1522 530 1576 calcem
556 1521 686 1591 inscripta
705 1526 747 1575 est
767 1521 827 1575 haee
852 1525 940 1575 uolat
960 1521 1044 1574 Liber
1064 1522 1166 1575 &ndu
1192 1522 1291 1574 Mario
1315 1522 1348 1573 de

116 1618 244 1674 Gamo.
256 1620 383 1675 Servom
393 1623 545 1687 benedictio,
557 1623 660 1676 tollenti
674 1622 833 1675 maledictio.
845 1620 926 1675 lnilio
944 1636 1009 1675 vero
1028 1620 1129 1674 codicis
1141 1620 1168 1673 in
1177 1624 1255 1689 parte
1272 1622 1347 1674 reeta

113 1717 177 1773 lolii
189 1717 297 1773 insiticii
314 1738 321 1774 ε
338 1722 421 1774 Hune
436 1738 485 1775 me.
502 1724 617 1775 codicem
628 1725 684 1790 qul,
701 1730 731 1776 ut
750 1724 779 1775 in
795 1724 849 1788 fine
865 1723 986 1787 haberer,
998 1724 1062 1775 olim
1078 1724 1172 1786 fuerat
1188 1721 1347 1773 nwnaelerie'

114 1816 290 1871 &mererere
306 1821 368 1872 emit
379 1820 410 1873 P.
424 1818 593 1885 Godrsridus
611 1837 629 1873 o
647 1820 681 1873 D.
693 1820 866 1873 Mommartio
883 1821 1026 1887 bibliopola
1043 1819 1224 1871 Bruxellenei.
1242 1817 1287 1869 Ila
1308 1824 1347 1870 eet

112 1930 279 1970 enurrmnus
290 1934 482 1973 rmusermmns.
493 1918 608 1987 Signum
619 1917 708 1973 musei
719 1918 892 1972 Bollandieni
910 1917 938 1973 Ρ
956 1934 991 1971 us
1008 1918 1025 1971 Ξ
1042 1917 1202 1984 inscriptum
1215 1912 1347 1969 chartuioe

111 2012 314 2083 agglutinatum
326 2019 369 2069 est
380 2020 537 2085 legumento
553 2016 643 2085 ligneo
655 2017 786 2072 interiori.
804 2016 935 2085 Idemque
947 2017 1085 2072 invenitur
1097 2016 1123 2068 in
1143 2020 1219 2084 parte
1231 2015 1347 2069 adverse

111 2110 175 2165 folii
187 2110 296 2167 insiticii
305 2129 337 2167 ae
349 2114 378 2168 in
389 2114 512 2183 margine
523 2114 658 2184 superiori
671 2115 729 2170 lolii
742 2117 775 2169 1‘.
787 2116 863 2170 idem
875 2115 973 2170 lolium
984 2116 1097 2169 exhibet
1107 2114 1224 2169 indicem
1234 2119 1348 2169 eouleu·

111 2212 217 2264 lorum.
234 2210 382 2266 liecenlior
403 2228 503 2267 manus
525 2214 559 2267 ad
579 2213 702 2284 singulos
728 2218 860 2269 tractatus
885 2214 1002 2283 signarit
1020 2215 1112 2268 locum
1133 2231 1216 2283 quem
1236 2213 1265 2267 iu
1285 2214 1346 2268 eod.

112 2308 231 2363 oblinet

219 2510 256 2582 1⁰
279 2509 365 2584 vua
381 2519 521 2586 sunelae
537 2512 662 2587 Mariae
679 2514 906 2607 Magdalenae
924 2514 1001 2607 (fol.
1024 2515 1135 2607 126¹).

146 2637 246 2693 Sermo
254 2645 366 2694 auclore
378 2641 474 2696 Odone
486 2642 658 2697 Cluniacensi
668 2643 756 2697 odilus
766 2644 793 2697 in
803 2646 861 2698 Aer.
874 2645 930 2710 SS..
942 2644 977 2697 ad
986 2644 1011 2697 d.
1021 2643 1054 2695 Ψ]
1062 2641 1135 2705 iulii,
1144 2645 1211 2696 lom.
1220 2642 1250 2707 V,
1260 2657 1286 2710 p.
1295 2641 1345 2696 218

109 2737 330 2807 sqq-lneod
341 2740 468 2809 leguntur
480 2746 587 2795 lautum
599 2758 704 2796 numm.
718 2743 823 2796 171-181
843 2758 904 2796 cum
924 2742 1002 2797 inilio
1020 2758 1095 2795 num.
1115 2741 1162 2795 182
1180 2755 1267 2809 usque
1285 2741 1319 2793 ad
1338 2759 1345 2792 ε

109 2836 229 2891 Bererer'
235 2846 300 2892 eunt
307 2842 345 2893 od
355 2844 518 2909 eernetipsoe.

215 2939 257 3012 2⁰
280 2940 477 3016 Transitus
493 2948 633 3017 sanclae
650 2942 775 3016 Moriae
792 2943 1020 3036 Magdalenae
1038 2944 1115 3036 (fol.
1136 2944 1277 3037 8‘·lll).

145 3068 230 3123 udin
240 3071 433 3140 madramen,
446 3075 616 3127 monuments
625 3079 683 3138 eto,
695 3077 763 3128 tom.
775 3074 809 3138 ΙΙ,
821 3092 846 3143 p.
858 3075 908 3128 433
920 3090 978 3144 sqq.
991 3074 1056 3128 Post
1064 3077 1211 3141 lon-pueros
1222 3076 1345 3127 curando

108 3168 150 3237 (p.
157 3166 219 3230 ἦ,
227 3168 278 3222 col.
291 3168 313 3231 l,
324 3169 371 3224 lin.
380 3170 407 3237 4)
416 3171 543 3239 leguntur
554 3172 583 3225 in
594 3172 654 3226 cod.
666 3189 728 3241 quae
737 3171 801 3226 ibid.
814 3172 888 3226 edila
899 3176 971 3235 sunl,
980 3189 1005 3241 p.
1017 3174 1067 3225 llo
1078 3189 1137 3241 sqq.

215 3270 256 3343 3⁰
272 3271 323 3346 De
343 3272 531 3346 miraculis
548 3274 667 3347 bealae
684 3273 810 3347 Mariae
831 3272 1059 3367 Magdalonae
1077 3276 1155 3366 (l'ol.
1177 3275 1341 3365 ill-lif).

145 3398 214 3453 Triu
224 3398 357 3455 miracula
364 3402 398 3456 de
407 3403 506 3471 quihus
515 3403 546 3457 fil
556 3403 661 3457 mentio
676 3403 703 3457 in
713 3407 770 3458 Aet.
780 3405 835 3471 SS.,
845 3410 911 3458 tom.
921 3403 973 3467 eil„
984 3420 1010 3473 p.
1019 3404 1076 3467 ull,
1089 3420 1163 3458 num.
1175 3404 1230 3467 lus,
1242 3403 1345 3458 seilicet

108 3496 147 3551 de
166 3498 311 3552 secerdote
327 3498 580 3570 caesaraugustano,
599 3502 633 3555 de
654 3501 752 3556 clerico
772 3504 893 3572 quodum
910 3503 1050 3571 Stephano
1070 3504 1103 3556 de
1120 3502 1248 3556 Flundria
1264 3506 1294 3555 et
1310 3502 1345 3555 de

108 3596 228 3651 Briloue
239 3613 302 3667 erga
314 3603 438 3653 mucium
450 3600 638 3655 devotissimo.
650 3601 700 3657 llis
712 3602 866 3655 enneclilur
878 3602 935 3667 (fol.
950 3604 1000 3665 Μ’)
1017 3602 1133 3656 homilia
1151 3601 1179 3654 in
1196 3600 1344 3655 festivitate

107 3694 417 3767 B.llurioellnqdalenae
428 3699 726 3769 legende-Narratio
744 3700 940 3755 miraculorum
959 3702 996 3754 ita
1009 3700 1118 3769 incipil:
1133 3703 1194 3754 Non
1211 3702 1343 3754 nrodieem

106 3812 188 3865 spem
199 3798 297 3851 solutio
308 3815 355 3852 nee
360 3816 480 3867 paruum
492 3816 546 3854 sue
561 3804 689 3855 caritatis
700 3803 834 3855 indicium
845 3803 1004 3855 occidentali
1014 3803 1125 3855 ecclesie
1136 3802 1210 3853 Deus
1226 3801 1345 3867 orrrnipo·

106 3900 171 3947 lens
181 3898 371 3963 romuleorum
382 3900 471 3964 ipsum
483 3900 563 3951 beatu
574 3900 672 3952 llari&
689 3900 856 3965 Mapdalenu
867 3902 1051 3952 sacratissimi
1062 3901 1185 3966 corporis
1198 3900 1346 3967 prasentia

107 3996 273 4049 mauturii.

211 4095 252 4167 4⁰
275 4094 470 4170 Adventus
501 4096 596 4170 sacri
628 4097 792 4190 eorporis
822 4120 934 4171 verus
965 4097 1090 4170 Muriae
1116 4097 1344 4189 Magduleuae

260 4210 349 4284 Jesu
365 4210 559 4303 fraglaulis
576 4212 705 4285 emicae
723 4212 803 4301 (fol.
826 4213 991 4307 lusor).

141 4340 169 4395 A
188 4339 234 4394 iol.
248 4341 292 4395 15v
309 4356 397 4409 usque
414 4340 448 4393 ad
467 4339 513 4394 iol.
527 4340 576 4403 181,
593 4340 645 4394 col.
659 4341 676 4394 ‘l
688 4341 824 4410 reperitur
835 4342 956 4396 norrnlio
976 4342 1009 4395 de
1027 4341 1149 4410 eorporis
1167 4339 1345 4394 translalioue

101 4438 261 4495 secuudum
273 4438 420 4493 lectionem
432 4439 492 4493 cod.
504 4440 697 4495 Numureensis
709 4442 742 4495 53
754 4441 792 4509 (l)
806 4459 869 4495 cnm
881 4443 970 4512 prima
982 4441 1074 4512 phrasi
1088 4439 1266 4494 addilnmeuli
1278 4438 1343 4493 editi

104 4538 307 4603 ibid.,tom.11‚
319 4556 344 4608 p.
360 4540 418 4593 321.
431 4539 534 4593 Deinde
546 4540 603 4603 (iol.
617 4540 665 4606 19¹,
678 4541 729 4595 eol.
744 4542 756 4595 1
772 4547 850 4607 extr.)
863 4543 952 4611 agitur
966 4544 999 4597 de
1012 4543 1114 4598 eumilo
1127 4542 1247 4595 Gerardo
1260 4556 1342 4611 quem

139 4744 181 4809 (1)
193 4743 507 4811 Anar.Boll.‚t0m.1‚p.
518 4744 577 4807 516,
585 4744 640 4797 69⁰.
