3270 5400
412 331 504 381 eran.
522 333 603 383 ano.
622 334 793 385 nannum.
813 356 859 364 —
877 335 1025 387 trenno.
1044 337 1090 387 nn
1107 338 1186 389 con.
1205 339 1241 388 no
1258 335 1333 390 rior.
1439 319 1483 390 li

262 516 301 569 ita
309 516 393 571 etiam
404 519 525 587 corporis
534 520 586 574 sibi
596 521 702 575 restitui
710 522 866 577 sanitatem.
875 524 961 578 affuit
969 525 1041 578 auris
1057 525 1154 579 divinae
1163 526 1343 580 exauditionis
1352 527 1484 582 desiderio

261 617 397 684 pauperis,
408 618 538 688 suffragia
549 626 650 673 sanctae
662 620 772 690 virginis
782 627 837 675 tam
851 623 990 677 humiliter
999 623 1176 693 implorantis,
1185 629 1213 677 et
1223 629 1254 678 ut
1265 626 1350 694 magis
1359 643 1391 679 ac
1399 627 1485 696 magis

262 713 355 782 opinio
367 715 453 783 ipsius
467 723 568 772 sanctae
580 718 740 772 claresceret
751 719 778 772 in
791 720 877 784 terris,
889 721 947 788 eius
958 721 1062 775 meritis
1071 722 1128 790 jam
1146 723 1262 777 triennio
1274 725 1404 778 amissum
1418 725 1484 779 inte-

262 813 394 881 remptori
411 814 505 868 lumen
518 816 658 871 oculorum
677 817 801 872 restituit.
820 818 883 872 Viso
900 824 976 873 tanto
992 821 1122 874 miraculo
1133 826 1160 874 et
1176 823 1301 889 praesenti
1318 823 1425 891 cognita
1436 824 1486 877 llei

230 923 246 970 5
263 910 371 978 virtute,
384 915 475 967 omnis
486 915 564 983 plebs
582 919 719 987 consurgit
736 919 763 972 in
782 919 921 983 laudibus;
933 925 960 973 et
978 919 1044 974 nulli
1061 925 1164 973 tantam
1182 921 1287 989 copiam
1305 922 1381 975 verbi
1397 923 1484 976 inesse

263 1009 443 1065 credimusad
456 1017 637 1069 enarrandum
651 1023 753 1086 quanta
766 1018 801 1071 ab
814 1035 860 1071 ore
873 1019 996 1072 omnium
1008 1019 1106 1088 gaudia
1116 1019 1301 1073 resonaverint
1317 1021 1486 1076 misericordi

263 1107 320 1160 Deo
331 1114 421 1176 grates
434 1111 533 1166 devote
543 1115 726 1180 referentium,
739 1121 780 1169 tot
789 1122 816 1169 et
828 1117 910 1170 tantis
918 1116 1001 1186 signis
1013 1117 1145 1171 famulam
1156 1134 1232 1172 suam
1246 1119 1408 1173 mirificanti.

303 1204 363 1264 26.
388 1208 500 1262 interim
514 1208 672 1264 Harduinns
684 1216 760 1264 tanto
773 1228 885 1265 munere
897 1213 1022 1276 donatus,
1039 1218 1067 1266 et
1078 1230 1159 1281 supra
1170 1231 1252 1282 quam
1265 1214 1338 1268 credi
1349 1216 1441 1283 possit,
1454 1220 1484 1269 ut

263 1305 385 1368 decebat,
397 1305 480 1359 corde
491 1304 650 1370 laetilicatus,
662 1311 725 1374 post
744 1306 893 1360 immensas
904 1325 973 1377 quas
988 1308 1084 1362 intimo
1096 1310 1195 1362 affectu
1206 1314 1306 1362 sanctae
1319 1309 1415 1378 virgini
1424 1310 1483 1363 fun-

217 1416 246 1465 to
263 1406 345 1458 debat
357 1407 466 1475 gratias,
474 1406 510 1459 ad
520 1406 603 1474 pedes
613 1406 732 1474 episcopi
742 1407 829 1460 sancti
837 1408 1014 1476 provolvitur,
1024 1414 1050 1461 et
1059 1413 1156 1462 cuncta
1164 1408 1285 1476 quaesibi
1295 1409 1328 1461 de
1337 1409 1484 1462 amissione

263 1505 374 1558 luminis
391 1512 418 1560 et
438 1507 472 1560 de
492 1507 701 1576 interemptione
718 1509 887 1578 contigerant
903 1526 995 1563 coram
1016 1510 1144 1563 omnibus
1166 1508 1270 1561 retexit.
1295 1509 1370 1562 ‘func
1390 1507 1484 1561 videns

263 1607 407 1674 episcopus
418 1605 485 1658 satis
497 1611 680 1674 opportunum
690 1622 748 1659 esse
761 1611 895 1660 astantem
909 1607 993 1676 plebis
1005 1607 1207 1661 multitudinem
1219 1624 1268 1660 suo
1280 1605 1416 1660 exhortari
1428 1622 1484 1659 ser·

264 1717 353 1766 mone,
365 1703 476 1755 tandem
490 1702 536 1755 vix
547 1702 649 1755 indicto
662 1702 779 1769 silentio,
791 1719 880 1771 pauco
896 1719 945 1772 pro
959 1707 1080 1771 ternpore
1093 1705 1131 1756 sic
1143 1703 1232 1756 dicere
1243 1703 1324 1770 coepit
1335 1722 1342 1755 z
1353 1704 1427 1765 Ecce,
1439 1701 1485 1765 ait,

262 1803 367 1866 fratrea
379 1804 525 1866 carissimi,
537 1819 599 1866 eece,
607 1805 783 1869 perspicuum
794 1819 899 1856 noeane
908 1805 1017 1870 potestis
1026 1805 1091 1870 quia
1100 1803 1169 1870 quod
1180 1804 1212 1855 <le
1220 1803 1303 1868 hujus
1311 1804 1385 1855 sacri
1395 1819 1484 1870 corpo

219 1911 249 1958 tn
265 1903 306 1953 rie
322 1903 501 1953 transtatione
519 1903 633 1968 opimus,
650 1908 734 1953 totum
757 1902 852 1954 divina
870 1903 1030 1968 benipnitate
1048 1904 1208 1969 dispositum
1227 1918 1282 1954 esee
1300 1903 1483 1954 incunctanter

264 2001 368 2051 credere
380 2000 529 2064 debeamus,
542 2002 587 2052 cui
600 2007 695 2052 cuncta
707 2002 858 2066 disponenti
869 2007 892 2052 et
903 2007 999 2052 sancte
1014 2002 1145 2064 martyris
1156 2001 1349 2052 uenerationem
1357 2001 1483 2065 presenti

264 2099 396 2151 miraculo
408 2099 559 2151 sublimiter
570 2101 697 2153 decorare
708 2108 731 2153 et
739 2103 810 2153 iurene
823 2103 911 2167 fidelia
918 2102 1013 2168 populi
1022 2108 1174 2154 contentum
1185 2101 1332 2165 salutifere
1340 2100 1483 2151 deuotionis

263 2198 364 2261 paudio
376 2200 415 2249 ita
426 2199 562 2264 placuerit
579 2201 720 2265 laetificare.
742 2202 912 2266 Quapropter
922 2216 967 2253 eoa
978 2216 1066 2252 ornnes
1078 2201 1174 2266 quibus
1185 2200 1238 2251 Dei
1246 2201 1339 2265 pratia
1355 2200 1482 2251 donatum

265 2303 302 2348 eat
319 2297 405 2375 tipus
421 2298 546 2362 specialis
563 2299 682 2365 obsequii
705 2306 728 2351 et
744 2301 881 2365 eorrdipne
900 2300 1067 2352 lucidationie
1085 2301 1211 2351 interesse
1227 2299 1367 2361 consortio,
1384 2303 1483 2362 oporiet

225 2403 251 2452 tt
266 2400 423 2449 meinent
438 2405 572 2451 auctorem
585 2401 655 2450 tenti
672 2400 790 2464 beneficii
802 2402 831 2451 in
844 2402 935 2452 letitia
947 2402 1037 2453 cordia
1048 2402 1135 2458 uestri,
1143 2400 1224 2467 pleno
1240 2400 1335 2451 mentis
1351 2399 1448 2464 affectu
1459 2405 1483 2450 et

265 2498 332 2548 uocis
348 2498 499 2548 uriniaterio
512 2498 685 2562 mapnificure
697 2499 784 2550 deuote
805 2499 943 2561 studeatis,
965 2506 987 2551 et
1004 2499 1067 2550 hnic
1083 2499 1238 2564 maineriis
1247 2499 1310 2563 jam
1326 2498 1357 2548 in
1372 2497 1484 2549 coeieatie

265 2596 333 2659 repis
343 2603 501 2647 aureamento
512 2599 611 2662 poeitae,
622 2600 720 2650 scilicet
733 2599 811 2651 brute
828 2599 989 2660 Muxetendi,
1001 2599 1037 2650 ud
1048 2599 1127 2663 cujus
1137 2598 1215 2649 hodie
1226 2597 1360 2663 implenda
1373 2596 1483 2647 sevitia

265 2694 427 2757 nunninus,
436 2710 482 2745 uos
494 2701 517 2746 ei
526 2697 617 2746 omnia
629 2703 715 2748 uestra
732 2699 860 2749 attentius
872 2692 1056 2748 commendare
1067 2711 1120 2748 eron
1132 2695 1288 2761 neptiputim
1296 2695 1374 2758 eujus
1382 2693 1482 2758 euffro-

263 2791 314 2853 yiia
329 2794 458 2857 superuis
474 2793 584 2857 ciuibus,
595 2796 667 2846 iuter
679 2810 744 2861 quos
757 2797 817 2861 ipsa
831 2797 932 2857 emicat,
943 2796 1031 2860 posita
1043 2795 1136 2846 carnis
1153 2794 1322 2859 corruptione
1339 2792 1483 2842 adnuisceri

169 2900 174 2919 ⁴
228 2894 254 2947 it
264 2888 377 2940 utute.

189 2968 192 2973 ⁵
301 2982 359 3041 27.
382 2983 473 3037 Finita
491 2985 611 3055 episcopi
623 2987 749 3040 oratione
761 2992 789 3040 et
801 2988 865 3040 data
875 2985 947 3056 plebi
964 2986 1162 3049 benedictione,
1179 2986 1241 3039 inde
1258 2985 1399 3053 progressi,
1411 2984 1482 3052 jubi-

221 3086 241 3125 ·'
266 3079 347 3135 lantes
359 3083 416 3135 Deo
435 3082 463 3135 in
475 3097 543 3134 voce
563 3082 745 3146 exultationis,
758 3088 940 3151 pervenerunt
951 3082 979 3135 in
996 3083 1152 3150 praedictam
1164 3081 1315 3135 Chalderici
1332 3080 1480 3142 basilicam,

225 3204 240 3267 4'
263 3178 314 3246 jam
325 3186 406 3234 antea
420 3181 448 3232 in
465 3181 570 3233 honore
586 3181 672 3233 sancti
683 3181 800 3243 Vedasti,
812 3181 967 3249 quinetiam
980 3181 1209 3249 etipsiussanctae
1219 3181 1344 3247 martyris
1352 3185 1480 3247 utsupra-

234 3270 248 3333 ’Ϊ
265 3278 360 3332 dictum
371 3285 413 3332 est
422 3280 592 3344 aedificatam,
605 3280 696 3348 ibique
708 3296 785 3332 sacro
799 3296 912 3348 corpore
924 3297 939 3332 a
951 3281 1065 3348 praesule
1074 3284 1229 3333 reverenter
1237 3279 1377 3341 collocato,
1388 3279 1481 3332 Missa-

158 3428 161 3435 .
264 3390 318 3431 rum
331 3394 442 3447 quoque
458 3377 599 3431 solemniis
622 3378 798 3431 devotissime
810 3378 959 3442 celebratis,
972 3384 999 3431 et
1013 3379 1141 3432 omnibus
1160 3379 1209 3431 rite
1226 3378 1349 3447 perantia,
1367 3375 1479 3431 collecta

238 3498 245 3509 ⁹
263 3476 344 3546 plebis
357 3477 470 3531 dimissa
482 3483 531 3530 est.
544 3477 693 3531 Pontifex...
708 3479 866 3545 (Sequentia
883 3481 953 3531 edita
972 3486 1034 3531 eunt
1046 3497 1079 3532 ex
1089 3481 1136 3532 froc
1147 3481 1203 3532 cod.
1214 3481 1245 3530 in
1261 3477 1320 3530 Act.
1331 3477 1376 3530 SS.
1387 3476 1479 3545 Belgii,

262 3582 317 3629 tom
329 3577 384 3642 111,
395 3595 439 3644 pp.
451 3580 508 3641 585,
517 3581 575 3641 589,
586 3585 676 3630 anatot.
689 3577 715 3640 h,
726 3576 742 3636 i,
755 3576 781 3636 k.
793 3579 885 3631 addito
896 3595 968 3630 num.
981 3582 1013 3630 19
1025 3579 1111 3642 (ibid,
1119 3595 1148 3644 p.
1157 3579 1227 3640 587).

278 3891 452 3936 mentun
467 3891 574 3935 sanari
588 3892 719 3949 utconlu,
736 3892 828 3936 arisc.
844 3892 997 3936 nmansrs.
1014 3872 1091 3955 (Cir.
1106 3892 1214 3953 supra,
1229 3890 1301 3953 pag.
1320 3871 1365 3948 16,
1381 3871 1458 3951 31⁰.)

288 4088 351 4142 Fuit
378 4089 407 4141 in
434 4087 557 4156 partibus
587 4086 672 4139 ltaliae
701 4085 742 4138 vir
765 4085 886 4153 quidam,
908 4085 954 4154 qui
982 4089 1107 4138 sanctum
1129 4083 1269 4137 Nicolaum
1297 4084 1478 4138 venerabatur

254 4202 365 4240 summa
383 4187 530 4240 devotione
548 4190 575 4238 et
597 4185 728 4254 diligebat
745 4200 854 4237 summa
871 4183 1053 4236 veneratione.
1065 4183 1112 4235 Vir
1131 4183 1182 4235 iste
1198 4183 1269 4236 infra
1280 4183 1384 4237 curiam
1399 4183 1478 4251 iuxta

253 4287 388 4354 palatium
409 4301 490 4337 suum
513 4283 656 4337 ecclesiam
678 4283 764 4337 sancti
787 4282 891 4336 Nicolai
910 4282 1097 4344 aedificaverat,
1115 4297 1197 4349 quam
1218 4282 1333 4334 devotus
1353 4282 1476 4350 frequen-

252 4387 339 4448 tabat,
354 4389 382 4437 et
402 4385 578 4451 frequentans
595 4384 652 4437 Deo
671 4387 698 4435 et
716 4387 811 4435 sancto
831 4380 941 4435 Nicolao
961 4381 1087 4434 assiduus
1103 4380 1247 4433 serviebat
1263 4381 1368 4435 Accidit
1384 4385 1476 4434 autem

252 4488 285 4537 ut
307 4483 468 4537 insidiantes
488 4483 582 4550 piratae
605 4482 761 4534 furarentur
775 4482 887 4534 unicum
909 4480 995 4533 filium
1015 4479 1098 4547 hujus
1114 4479 1172 4545 viri,
1186 4484 1269 4547 atque
1289 4480 1324 4532 ad
1346 4484 1477 4532 transma-

252 4584 328 4637 rinas
348 4587 376 4636 et
394 4581 552 4651 peregrinas
567 4581 761 4634 transferentes
783 4585 881 4650 partes,
901 4579 1051 4632 venderent
1069 4578 1266 4632 mercatoribus
1286 4578 1477 4632 Constantino-

252 4683 389 4751 politanis.
406 4681 500 4735 Crevit
519 4696 587 4749 puer
607 4686 635 4734 et
655 4679 769 4733 diversis
785 4678 992 4733 succedentibus
1011 4678 1137 4742 dominis,
1150 4678 1260 4731 tandem
1280 4677 1330 4746 ipsi
1351 4678 1477 4731 venditur
