3270 5400
88 306 162 381 964
423 327 550 380 caran.
577 328 681 381 cono.
708 328 985 381 naoiocnnrmc.

88 518 135 573 nie
151 518 221 573 inibi
237 518 387 573 auditurus.
400 518 469 573 Cum
481 518 563 588 igitur
579 519 690 588 quidum
710 536 726 573 e
743 519 872 574 iratribus
889 519 925 573 ad
942 518 1029 574 altare
1040 536 1123 589 snpra
1134 526 1329 576 memoratum

88 618 255 683 accessisset,
267 618 391 672 consueti
402 618 486 673 oiiicii
499 621 564 673 rota
579 618 743 683 redditurus,
755 619 800 673 ille
813 620 840 673 in
858 635 891 673 ea
903 619 1035 688 cryptule,
1051 636 1114 688 qnae
1127 621 1163 674 ad
1181 620 1328 676 sinistram

88 718 238 773 sacerdotis
249 717 362 771 missam
374 719 497 772 canentis
509 721 558 782 est,
569 718 678 772 resedit.
690 718 723 772 Et
734 734 797 771 ecee
809 722 871 787 post
887 718 1077 773 recitationem
1088 718 1204 788 angelici
1216 720 1328 788 hymni,

1 857 10 872 .
89 817 182 887 inquo
193 817 297 887 gloria*¹
309 818 420 872 Domini
429 818 488 893 caeli
497 821 525 871 et
534 823 606 872 terra
617 817 690 886 pleni
700 834 760 871 esse
769 818 904 881 dicuntur,
914 816 1061 886 respiciens
1069 819 1105 872 ad
1114 835 1177 872 eam
1187 825 1327 888 cryptam,

24 926 31 939 ⁶
87 934 151 986 qna
162 917 320 987 presbytero
329 935 346 972 a
354 919 458 972 dextris
469 922 519 981 est,
528 917 598 971 vidit
608 917 727 971 sormam
739 918 818 987 quasi
830 918 909 986 panis
921 917 1107 972 candidissimi
1120 923 1200 972 terrae
1212 920 1328 975 decnm·
1344 928 1361 978 d

88 1017 212 1082 bentem;
229 1033 290 1087 quae
307 1018 337 1071 in
353 1017 443 1084 majus
460 1020 637 1085 augmentata
653 1018 681 1069 in
699 1020 805 1069 tantum
818 1017 946 1079 excrevit,
962 1020 994 1069 ut
1010 1032 1088 1085 paene
1105 1020 1209 1070 tectum
1222 1022 1328 1086 cryptae

88 1119 199 1187 tangere
208 1115 354 1171 videretur.
363 1116 480 1183 Sedjam
492 1115 582 1169 dictus
592 1115 755 1179 monachus,
764 1131 827 1169 curn
837 1115 1005 1168 asncerdote
1015 1131 1081 1183 pace
1090 1120 1213 1184 accepta,
1223 1115 1327 1169 iterum

88 1213 154 1270 illue
168 1215 281 1269 obtutus
296 1215 467 1278 obvenisset,
479 1215 586 1283 aspexit
603 1219 788 1268 memoratum
807 1213 955 1269 candorem
975 1213 1106 1282 paulatim
1119 1213 1218 1278 minui,
1237 1215 1328 1269 donec

88 1313 190 1383 pariter
201 1331 263 1368 cum
276 1314 360 1368 missa
371 1313 465 1382 etipse
474 1313 606 1367 finiretur.

267 1797 474 1885 cxxxvl.
506 1797 632 1884 codex
659 1798 914 1906 signoruum>
941 1797 1144 1888 8883-94.

121 2015 260 2071 Foliorum
271 2016 319 2070 100
331 2017 425 2070 tormae
436 2015 551 2070 minoris
563 2016 668 2083 (0⁰¹,lt8
680 2024 704 2073 ><
716 2017 809 2083 0,(191),
820 2016 900 2070 lineis
912 2016 999 2085 plenis
1010 2016 1142 2086 graphide
1156 2017 1249 2071 ductis
1262 2034 1329 2073 exa·

88 2119 164 2169 ratus
174 2115 267 2169 seculo
277 2116 333 2169 Xll.
345 2116 429 2169 Tituli
441 2132 472 2169 nc
484 2115 581 2170 litterae
590 2116 709 2184 majores
718 2115 907 2184 utplurimum
918 2117 1064 2171 rubricata.
1074 2115 1235 2184 Aliquando
1243 2117 1329 2172 viridi

89 2214 182 2270 colore
200 2216 320 2283 majores
339 2215 435 2270 litterae
456 2215 569 2285 depictae
589 2220 660 2269 sunt
680 2215 794 2284 Signum
816 2215 903 2269 musei
928 2214 1099 2269 Bollandiani
1117 2198 1170 2301 ᾧ
1184 2202 1242 2274 MS
1253 2217 1291 2271 33
1303 2216 1332 2272 in

89 2314 214 2370 chartula
230 2315 362 2385 scriptum
379 2315 576 2384 agglutinatum
589 2320 631 2368 est
642 2314 688 2368 iol.
702 2316 737 2378 1¹;
756 2315 828 2368 idem
845 2315 952 2382 signum
971 2315 1131 2383 inscriptum
1150 2315 1180 2369 in
1202 2316 1332 2386 margine

89 2415 223 2484 superiori
235 2415 281 2469 iol.
292 2417 327 2480 iv,
339 2431 371 2468 ac
387 2414 531 2482 sequentia
549 2414 595 2467 iol.
606 2415 648 2468 2¹:
660 2414 725 2467 Mes.
743 2414 884 2468 Societotis
899 2415 967 2468 Jcsu
981 2416 1135 2483 Antoerpis
1147 2415 1230 2468 Dom.
1248 2416 1331 2483 Prot.

90 2514 213 2569 Tandem
225 2514 283 2568 haec
296 2513 341 2569 fol.
353 2515 428 2569 loov:
440 2516 521 2568 Hunc
532 2516 633 2568 librom
643 2514 828 2567 emitNonnus
838 2515 1022 2582 Phiiippusde
1036 2515 1118 2581 Ottey
1127 2531 1204 2568 anno
1214 2516 1334 2569 Domini

92 2630 241 2669 aocccxxrr.

123 2712 198 2766 Inter
208 2712 330 2766 carmina
341 2728 403 2781 quae
420 2711 595 2767 continentur
609 2713 638 2766 in
655 2711 749 2765 codice
766 2709 910 2780 sequentia
927 2710 962 2763 ad
979 2726 1024 2764 res
1042 2709 1232 2780 hagiologices
1248 2714 1333 2782 perti·

91 2815 176 2865 nent:

194 3014 231 3085 1⁰
257 3011 309 3083 De
326 3010 362 3083 S.
380 3009 580 3083 Laurentio
598 3010 676 3102 (sol.
698 3013 759 3104 lt).

124 3140 346 3210 Hymnnseditus
358 3156 374 3193 a
384 3141 417 3193 de
429 3140 610 3210 Reiffenberg,
622 3143 765 3194 Annuor're
774 3133 806 3193 de
814 3141 840 3193 to
852 3140 1035 3209 Bibliothtque
1044 3142 1138 3208 royote
1146 3142 1182 3195 de
1192 3142 1336 3213 Betpique,

93 3253 156 3292 ann.
169 3237 242 3300 1851,
254 3254 279 3306 p.
289 3238 406 3290 neseis.

191 3340 231 3412 90
257 3339 387 3412 Passio
405 3339 440 3412 S.
459 3338 646 3413 Laurentii
665 3338 839 3432 martyris
855 3340 934 3432 (fol.
954 3340 1068 3433 Pit).

126 3469 219 3524 Passio
232 3469 345 3523 metrica
355 3473 466 3522 auctore
477 3469 608 3522 Marbodo
617 3469 774 3523 Redonensi
784 3469 857 3524 edita
866 3470 938 3538 apud
947 3469 1044 3538 diique,
1053 3469 1083 3523 P.
1091 3469 1130 3534 L..
1138 3472 1337 3537 commum.

93 3585 120 3638 p.
133 3569 282 3623 1607-1614.

194 3672 232 3744 3⁰
258 3670 310 3743 De
327 3675 457 3743 sancto
474 3669 604 3742 Alexio
618 3670 697 3760 (foi.
711 3670 853 3760 9¹·14V).

127 3798 188 3853 Vita
200 3799 314 3853 metrica
325 3798 397 3853 edite
409 3815 442 3853 ex
454 3800 508 3852 hoc
517 3799 577 3853 cod.
589 3799 617 3852 in
634 3801 687 3852 Act.
700 3800 756 3865 88„
768 3799 803 3852 ud
815 3799 840 3853 d.
852 3799 882 3852 17
891 3799 963 3864 tulii,
973 3804 1040 3853 tom.
1052 3799 1096 3865 lv,
1109 3817 1134 3869 p.
1144 3802 1199 3857 254
1210 3820 1275 3874 sqq.

191 3903 230 3974 4⁰
255 3902 307 3975 De
324 3901 487 3993 quodam
505 3899 735 3974 vicedomino
749 3922 813 3992 per
826 3900 1038 3993 genitricem
1051 3902 1208 3979 Domini
1223 3908 1339 3983 mira·

241 4016 360 4090 biliter
377 4017 520 4090 salvato
535 4017 612 4109 (fol.
635 4016 795 4107 mes).

127 4146 188 4201 Vita
196 4152 307 4201 auctore
316 4148 446 4201 Morbodo
459 4147 532 4201 edita
544 4147 617 4216 apud
625 4147 722 4216 Migne,
732 4153 798 4201 tom.
810 4146 863 4211 cit,
873 4164 897 4217 p.
909 4148 974 4202 1593
985 4164 1044 4218 sqq.

193 4250 230 4322 5⁰
254 4248 306 4321 De
318 4255 448 4322 sancto
466 4248 686 4322 Godehardo
704 4249 782 4342 (sol.
801 4249 965 4342 99971).

355 4395 458 4449 Cuncta
469 4395 524 4449 suis
536 4395 616 4449 donis
627 4395 755 4450 refovens
766 4394 814 4465 qui
825 4399 923 4449 cuncta
935 4394 1039 4450 crearit

355 4495 478 4551 Christus
490 4496 603 4551 dilectos
615 4496 667 4551 sibi
679 4500 789 4550 sanctos
800 4496 971 4565 glorificavit.

355 4596 480 4650 Saxoniae
492 4596 575 4650 decus
587 4595 781 4650 Godehnrdurn
793 4595 958 4659 mirificavit,

353 4696 487 4766 Huncque
498 4695 668 4749 sacerdotem
680 4695 827 4750 statuendo
840 4695 1018 4760 beatificavit,
