3270 5400
325 369 400 444 514
660 386 787 440 aaran.
814 386 918 439 coen.
944 382 1220 436 aaarouaarmc.

324 583 427 633 certum
446 576 525 631 nobis
543 576 597 630 ab'
609 575 773 645 antiquitate
789 573 959 644 relinquitur,
971 590 1028 628 non
1046 590 1146 643 parum
1158 577 1252 627 amen
1261 572 1342 640 jurat
1359 572 1456 641 aliqua
1473 571 1509 626 de
1520 572 1561 626 bis

323 693 385 745 qure
397 677 431 729 de
441 676 495 730 vita
503 674 588 745 ipsius
599 679 673 728 certa
686 673 866 743 cognovimus
873 673 1010 727 succincte
1019 674 1054 726 ad
1062 671 1226 726 memoriam
1236 688 1368 725 revocare
1380 671 1394 706 ⁸
1404 675 1435 726 nt
1444 688 1494 740 per
1504 671 1562 725 brec

324 774 421 828 saltem
434 778 461 827 et
481 775 493 808 ⁴
505 772 706 841 expectantium
719 770 860 825 valeamus
872 770 955 825 corda
971 770 1064 823 laetare
1076 774 1104 823 et
1116 769 1169 823 diei
1181 769 1252 823 sesto
1271 768 1418 823 videamur
1428 768 1562 838 quoquo⁸

327 873 410 927 modo
425 871 580 926 convenire.

365 980 400 1037 3.
417 970 512 1048 Quod
526 972 637 1034 autem
659 968 705 1032 rei
719 971 818 1049 gestae
844 966 1026 1031 sublimitas
1049 966 1091 1030 de
1113 966 1184 1048 ipsa
1208 966 1393 1031 elevatione
1415 970 1587 1040 nostrama

324 1069 473 1134 notitiam
494 1069 603 1145 lateat,
619 1067 679 1130 hoc
694 1066 847 1130 nimirum
862 1065 1008 1130 avaritiae
1028 1068 1175 1129 veterum
1187 1065 1384 1147 scriptorum
1401 1066 1561 1149 imputare

324 1187 390 1232 non
402 1168 534 1232 ausim¹.
546 1166 676 1230 Nullum
689 1165 807 1229 etenim
821 1168 889 1228 tam
901 1164 1178 1241 avarum,nullum
1194 1167 1297 1228 tantae
1312 1164 1485 1246 parcitatis
1496 1182 1560 1229 cre·

325 1266 463 1330 diderim
475 1265 629 1341 extitisse,
642 1262 697 1347 qui
711 1267 836 1327 tantam
849 1266 881 1327 et
896 1266 998 1327 tantae
1010 1262 1209 1327 salubritatis
1220 1262 1419 1328 memoriam
1434 1263 1561 1345 rapien-

326 1365 411 1441 tibus
434 1365 521 1428 auris
537 1363 673 1428 auderet
688 1362 900 1439 committere,
913 1362 968 1444 qui
991 1364 1092 1425 tautae
1107 1360 1271 1443 dignitatis
1285 1362 1425 1442 gloriam
1440 1363 1559 1427 sineret
1580 1428 1583 1433 ,

325 1463 482 1528 obsolere.
497 1462 618 1526 Verum
634 1462 661 1525 si
677 1461 749 1544 quis
766 1461 988 1525 infestationes
1010 1460 1154 1542 gentium
1169 1465 1346 1537 recenseat,
1361 1460 1470 1543 quae'
1489 1480 1559 1545 pec·
1574 1482 1600 1533 ro

325 1563 405 1627 catis
420 1560 620 1643 exigentibus
632 1559 810 1624 Galliarum
833 1558 985 1623 ecclesias
1008 1558 1162 1623 evertisse
1177 1559 1340 1640 leguntur,
1352 1558 1558 1641 bicproiecto

326 1660 475 1725 dubitare
486 1679 551 1723 non
563 1658 691 1740 poterit,
703 1657 781 1739 quin
792 1656 862 1721 haec
873 1656 994 1738 scripta
1009 1657 1070 1721 sub
1085 1656 1201 1720 iisdem
1223 1658 1390 1738 stragibus
1408 1657 1557 1740 disperis-

325 1762 408 1834 sent,
419 1756 698 1841 quemadmodum
710 1756 808 1819 etiam
823 1755 943 1819 multas
954 1755 1038 1819 ritas
1050 1758 1237 1820 sanctormn
1249 1755 1470 1838 historiasque
1481 1755 1557 1821 alias

324 1857 473 1921 novimus
489 1856 672 1938 disperisse.
688 1854 820 1919 Habent
841 1873 919 1919 vero
933 1854 1077 1932 annales
1092 1857 1124 1918 et
1138 1853 1199 1919 hoc
1214 1853 1342 1935 plenius
1358 1854 1442 1919 liber
1455 1855 1557 1937 ponti·

325 1954 422 2020 licum
437 1955 450 1992 ³
464 1957 585 2031 narrat,
601 1953 688 2036 quod
706 1953 755 2016 bis
771 1953 832 2016 sub
854 1952 933 2035 ipsis
958 1953 1126 2017 nationum
1142 1953 1426 2035 persecutionibus
1448 1974 1555 2019 mona·
1571 1976 1595 2027 rt

323 2054 457 2118 sterium
474 2054 560 2118 beati
577 2052 746 2134 Gangerici
761 2055 865 2116 totum
881 2050 1091 2128 comburitur,
1105 2052 1247 2133 primum
1262 2052 1399 2134 quidem
1424 2072 1445 2117 a
1464 2052 1556 2118 Nort-

324 2152 452 2216 mannis
466 2157 614 2233 tempore
629 2150 761 2234 quidem
782 2150 943 2214 Rothardi
958 2150 1003 2234 (l)
1030 2150 1183 2232 episcopi,
1209 2150 1354 2215 secundo
1378 2156 1492 2216 autem
1515 2152 1554 2216 ab

323 2250 487 2331 Hungaris
501 2250 617 2314 diebus
632 2269 763 2332 quoque
778 2248 921 2313 Fulberti
937 2249 982 2331 (ἓ)
994 2248 1165 2330 pontificis.
1181 2249 1216 2311 ln
1232 2249 1351 2331 quibus
1368 2268 1451 2315 sane
1472 2270 1554 2315 com·

323 2348 527 2414 bustionibus
552 2368 612 2413 nec
645 2348 780 2412 dubium
810 2367 883 2411 cum
913 2347 1038 2429 reliquo
1070 2347 1225 2411 thesauro
1257 2349 1357 2412 etiam
1391 2350 1553 2415 volumina

322 2448 531 2513 concremari.
556 2447 660 2511 Nemo
687 2446 782 2527 igitur
800 2445 928 2510 silentia
952 2447 1123 2510 vetustatis
1148 2465 1249 2511 arara
1264 2452 1435 2530 queratur,
1457 2467 1553 2531 quam
1566 2468 1591 2520 ea

322 2548 423 2611 tantae
447 2545 662 2610 excusationis
681 2543 907 2608 defensionen
935 2544 1187 2626 improperanda
1212 2548 1330 2610 tuetur.
1352 2546 1436 2610 lllud
1458 2546 1552 2611 etiam

321 2649 471 2709 asserunt
486 2643 702 2727 antiquissimi
719 2664 726 2707 :
742 2643 831 2725 quod
843 2642 926 2707 liber
937 2662 1079 2725 quoque,
1092 2644 1147 2726 qui
1158 2644 1199 2708 de
1210 2644 1277 2708 vita
1289 2645 1440 2726 ejusdem
1456 2644 1552 2729 patris

320 2744 421 2808 nostri
438 2743 595 2826 plurimus
609 2742 813 2806 scribebatur
826 2742 858 2805 in
881 2741 953 2823 ipsa
975 2741 1227 2824 confraglatione
1238 2743 1251 2781 ⁴
1263 2744 1455 2809 nronasterii
1470 2748 1551 2809 tetus

321 2842 452 2906 omnino
465 2842 663 2906 comburitur
678 2843 700 2918 l,
712 2840 833 2904 sedhic
851 2839 993 2904 tantulus
1006 2859 1103 2922 quem
1115 2860 1201 2905 nunc
1212 2840 1386 2921 habemus,
1398 2844 1549 2909 incertum

321 2939 409 3020 apud
434 2960 532 3021 quem
548 2941 561 2976 ⁶
575 2941 814 3022 presbyterum,
836 2937 891 3020 qui
917 2937 972 3002 uni
997 2938 1172 3003 ecclesiolae
1197 2943 1339 3020 praeerat
1360 2940 1468 3005 multo
1481 2944 1549 3023 post
1562 2960 1589 3010 aa

321 3040 467 3120 tempore
492 3040 683 3121 repperitur,
698 3037 785 3103 unde
801 3036 948 3101 videlicet
963 3037 1156 3101 sanctissimi
1179 3039 1375 3103 confessoris
1397 3040 1550 3105 redeunte

320 3155 429 3201 annuo
441 3138 521 3202 lesio
536 3158 571 3202 se
588 3137 620 3202 in
631 3137 748 3201 divinis
764 3135 903 3200 cultibus
915 3140 1090 3200 exerceret.
1102 3135 1141 3200 Et
1152 3140 1201 3200 est
1211 3136 1359 3218 prolecto
1372 3138 1549 3203 verisimilis

319 3237 464 3314 assertio,
479 3256 538 3301 nec
554 3237 652 3301 credo
677 3234 855 3299 refellenda
872 3233 936 3299 ullo
961 3234 1082 3299 modo:
1107 3235 1289 3316 praesertim
1315 3254 1392 3301 cum
1419 3241 1451 3302 et
1475 3238 1548 3321 ipsis

319 3334 507 3397 monasterii
522 3333 652 3398 excidiis
674 3331 850 3397 latentibus
872 3330 1013 3396 enitatur
1040 3334 1072 3395 et
1090 3332 1398 3413 probatissimorum
1410 3335 1548 3401 virorum

319 3430 503 3496 testimonio
516 3432 695 3496 roboretur.
1561 3451 1587 3503 aa

359 3546 393 3602 4.
414 3547 478 3600 Hac
490 3551 583 3600 autem
595 3546 658 3598 lieet
671 3560 702 3597 ex
714 3544 837 3597 marium
848 3547 924 3611 parte
934 3558 990 3596 non
1002 3547 1068 3606 tota,
1078 3542 1176 3597 altiora
1189 3548 1281 3597 tamen
1291 3550 1358 3599 sunt
1370 3547 1548 3602 etdeleetabi·

317 3645 379 3700 liter
395 3642 595 3713 amplexanda:
610 3641 680 3693 inter
697 3656 757 3707 quae
769 3637 899 3691 nimirum
913 3637 971 3706 ipse
989 3638 1030 3692 vir
1044 3638 1156 3692 Domini
1175 3639 1266 3693 adhuc
1281 3639 1418 3696 diaconus
1435 3644 1501 3697 dum
1517 3643 1548 3697 de

317 3759 394 3797 more
405 3743 497 3796 locum
509 3739 641 3794 orationis
651 3739 746 3802 adiret,
759 3736 871 3790 obvium
884 3736 938 3789 sibi
949 3737 1059 3806 gentina
1070 3742 1144 3792 sorte
1155 3738 1296 3807 leprosum
1309 3757 1422 3797 curasse
1433 3748 1548 3807 nentur,

317 3858 382 3895 sane
394 3857 476 3909 quem
493 3839 521 3892 in
542 3836 685 3906 superlicie
709 3836 778 3889 cutis
802 3834 912 3904 prurigo
929 3834 1011 3903 leprae
1029 3835 1220 3891 miserabiliter
1237 3837 1361 3893 foedabat
1383 3841 1547 3896 extrinsecae

316 3940 469 4008 horrorque
481 3936 675 4007 superstitiosae
685 3934 843 4003 gentilitatis
852 3932 1068 4002 squaleiactabat
1077 3935 1249 3989 intrinsecus.
1262 3936 1311 3990 Cui
1324 3938 1393 4007 quia
1402 3956 1436 3994 ex
1444 3939 1546 3995 occulte
1559 3943 1585 3994 a

316 4037 469 4107 languentis
478 4035 562 4089 animi
573 4039 647 4103 peste
658 4033 768 4086 traduce
777 4032 844 4085 illud
857 4030 952 4085 vitium
970 4033 1077 4101 corpori
1090 4032 1222 4087 intellexit
1234 4033 1301 4087 ioris
1314 4034 1428 4104 irripere
1441 4038 1466 4099 ¹:
1477 4036 1546 4106 prius

316 4138 479 4206 evangelicae
492 4133 641 4189 dulcedinis
658 4133 781 4186 fomenta
796 4146 856 4198 equae
868 4130 903 4183 ad
916 4128 1046 4184 interiora
1063 4131 1259 4186 descenderent
1269 4132 1392 4188 aestimat
1411 4135 1545 4190 adbibere

315 4346 336 4354 -
359 4317 429 4369 1-ὀηι,
438 4317 462 4368 i.
475 4343 506 4353 -
517 4314 528 4347 ³
540 4309 839 4375 (succincte-revocare)
852 4326 902 4363 oric.
913 4309 938 4362 l.
948 4340 980 4348 -
992 4309 1003 4343 ⁴
1016 4326 1066 4363 om.
1081 4308 1106 4363 Ξ,
1118 4338 1150 4347 -
1161 4309 1236 4378 ‘quo
1247 4310 1272 4364 2,

347 4398 414 4451 Nun.
427 4398 450 4450 3.
460 4424 492 4434 -
504 4396 514 4429 ¹
524 4395 640 4448 auserim
652 4396 675 4447 l.
687 4425 718 4432 -
731 4392 742 4426 ⁹
754 4390 799 4459 qui
809 4391 833 4444 l.
842 4420 874 4428 —
886 4390 898 4423 ⁸
909 4394 1067 4444 nostrorum
1081 4392 1170 4445 addi
1181 4394 1228 4445 aad
1240 4393 1364 4448 deletum.
1383 4422 1416 4433 -
1427 4396 1439 4430 ⁴
1449 4394 1543 4449 contla·

314 4480 437 4549 eratione
446 4479 469 4531 t.
481 4505 514 4517 -
522 4478 534 4511 ⁶
543 4477 653 4546 perierit
663 4477 688 4528 t.
698 4475 750 4515 -θ
762 4472 936 4542 quemdaml
947 4474 994 4527 sed
1002 4491 1020 4526 a
1028 4490 1099 4528 corr.

347 4561 416 4614 Nun.
428 4562 451 4613 t.
464 4588 496 4598 -
510 4561 520 4593 ¹
533 4559 650 4628 irrepere
662 4559 685 4611 ⁹2.

347 4740 383 4806 (1)
396 4739 479 4792 Rexit
487 4737 630 4792 ecclesiam
640 4738 868 4792 cameracensem
881 4752 925 4794 an.
936 4734 1055 4793 ara-886.
1067 4765 1100 4774 -
1112 4736 1147 4802 (i)
1157 4735 1209 4791 An.
1221 4735 1340 4791 eatam.
