3270 5400
194 321 267 395 104
525 343 655 397 aaran
679 343 787 396 cono.
808 342 1091 397 maternarum.

192 536 282 588 lacere
293 533 397 589 Latinis
405 533 596 601 intelligibiles.
607 532 701 586 Primo
712 532 920 602 complebimus.
928 533 986 585 Deo
997 533 1089 595 dante
1096 532 1243 586 scientiam
1253 534 1428 599 naturalem

104 672 113 687 .
192 632 291 688 deinde
300 632 446 701 loquemur
456 634 471 663 a
486 632 522 685 de
538 631 733 700 metaphysicis
744 632 882 693 omuibus,
892 637 920 683 et
931 631 1113 685 intentionem
1124 637 1249 685 nostram
1268 632 1298 685 in
1309 632 1428 685 scientia

128 738 136 752 '
192 732 286 786 divina
296 731 454 797 liniemus,
467 730 531 784 Hac
542 737 634 784 autem
647 729 741 783 omnia
751 730 880 783 hibertus
891 731 949 783 [teo
960 730 1109 797 adiuvante
1117 730 1275 798 complevit.

491 936 544 993 ne
562 933 667 992 libras
683 933 917 1005 puuoeopntoe
933 932 1128 993 natantis.

238 1136 295 1198 18.
312 1139 504 1208 Scripsitcnim
522 1139 698 1208 physicorum
716 1138 801 1192 libros
818 1144 890 1192 octo.
901 1139 942 1191 De
956 1138 1025 1192 ccelo
1042 1144 1070 1191 et
1082 1138 1186 1191 mundo
1199 1138 1285 1192 libros
1296 1144 1428 1207 quatuor.
1446 1156 1462 1205 a

194 1243 235 1297 De
246 1246 344 1295 natura
360 1239 484 1293 locorum
496 1235 605 1290 librum.
622 1235 661 1288 De
672 1236 762 1288 causis
773 1235 970 1303 proprietatum
988 1235 1189 1290 elementorum
1206 1236 1293 1293 libros
1310 1237 1377 1292 duo.
1389 1240 1430 1294 De

105 1384 113 1398 .
192 1340 368 1412 generatione
381 1342 408 1391 et
416 1336 590 1405 corruptione
598 1335 683 1388 libros
691 1334 926 1388 du0.Descientia
935 1336 1239 1390 meteororum·1ibros
1247 1340 1429 1406 quatuor.l)e

162 1450 170 1464 ’
193 1436 393 1493 universalibus
410 1433 494 1487 liirros
508 1438 635 1501 quatuor.
652 1432 692 1484 lle
708 1431 802 1484 anima
820 1431 904 1484 libros
925 1436 988 1484 tres.
1005 1431 1045 1484 De
1064 1433 1233 1487 nutrimento
1253 1440 1283 1488 et
1303 1436 1430 1490 nutribili

193 1536 292 1591 librum
302 1551 397 1587 ununr.
408 1533 448 1587 lte
458 1548 557 1585 somno
564 1536 592 1584 et
601 1529 700 1599 vigilia.
712 1531 751 1584 De
759 1529 928 1583 derivatione
938 1529 1120 1598 philosophia
1129 1530 1214 1585 libros
1223 1538 1288 1586 tres.
1295 1534 1336 1586 De
1345 1550 1431 1587 seusu

193 1642 222 1691 et
231 1640 341 1689 senato
352 1633 453 1688 librum
466 1648 559 1685 unum.
576 1631 615 1684 Ite
632 1630 753 1683 motibus
764 1629 934 1682 animalium.
947 1629 986 1681 De
1002 1629 1183 1697 respiratione
1196 1636 1225 1684 et
1243 1631 1429 1701 inspiratione
1448 1652 1476 1701 ω

193 1735 278 1791 libros
286 1736 364 1788 duos.
375 1734 414 1787 lte
426 1731 580 1786 differentia
590 1730 701 1799 spiritus
712 1734 740 1781 et
751 1728 850 1781 animae
861 1728 962 1781 librum
976 1744 1070 1781 unum.
1083 1729 1122 1782 De
1135 1729 1277 1784 intellectu
1288 1737 1317 1784 et
1330 1732 1432 1787 intelli-

192 1833 267 1905 gibili
277 1833 377 1887 librum
390 1849 483 1886 unum.
495 1832 534 1884 De
547 1829 663 1884 naturali
676 1828 843 1897 perfectione
853 1826 1007 1881 intellectus
1018 1827 1119 1881 librum
1130 1845 1226 1883 unum.
1241 1831 1280 1884 De
1291 1837 1391 1885 natura
1403 1838 1432 1887 et

193 1933 297 2003 origine
305 1933 406 1986 animae
418 1932 517 1984 librum
527 1944 620 1984 unum.
634 1928 673 1981 De
681 1929 826 1993 iuventute
835 1932 862 1979 et
870 1932 1010 1979 senectute
1022 1926 1122 1980 librum
1140 1944 1236 1984 unum.
1248 1929 1288 1983 De
1298 1936 1390 1985 morte
1404 1937 1433 1986 et

194 2033 250 2087 vita
258 2032 358 2087 librum
369 2047 462 2083 unum.
471 2030 510 2082 De
520 2027 717 2097 vegetabilibus
725 2032 752 2080 et
762 2026 861 2095 plantis
869 2025 955 2079 libros
963 2031 1078 2094 septem.
1088 2027 1127 2079 De
1137 2027 1308 2082 animalibus
1317 2030 1433 2085 librum.

193 2131 261 2186 ltem
280 2129 387 2199 scripsit
398 2144 512 2197 parvam
526 2142 665 2180 summam
677 2124 858 2194 philosophia
875 2140 936 2192 qun.
949 2123 1064 2191 incipit:
1078 2128 1089 2148 ‘
1105 2125 1286 2195 Philosophia
1298 2127 1435 2183 dividitur
1451 2144 1476 2194 u

194 2230 288 2284 intres
299 2234 397 2298 partes,
408 2227 510 2281 scilicet
524 2226 661 2295 Logicam,
674 2224 817 2294 Physicam
830 2228 857 2277 et
869 2223 1026 2288 tithicam.¹
1041 2224 1109 2276 Item
1122 2224 1224 2279 librum
1238 2231 1336 2280 contra
1347 2228 1433 2282 Aver-

194 2328 304 2383 ruistav:
314 2328 464 2381 lteunitade
476 2325 627 2379 intellectus
635 2324 746 2381 (librum
754 2321 978 2385 unum).Librum
986 2322 1171 2390 questionum
1179 2325 1432 2394 contraAverroys.

194 2428 306 2483 Librum
319 2428 352 2479 dc
365 2425 468 2479 unitate
478 2424 581 2477 lonnae.
591 2422 703 2491 Scripsit
714 2434 842 2489 magnam
852 2420 1063 2489 philosophiam,
1075 2421 1177 2475 scilicet
1189 2423 1334 2488 moralem,
1349 2424 1432 2479 valde

194 2526 361 2595 perlongum.
373 2524 413 2576 lte
426 2522 517 2575 ethica
528 2521 613 2574 libros
624 2521 727 2572 decem.
739 2519 808 2572 ltem
825 2517 860 2570 de
871 2517 1024 2570 monastica
1036 2517 1121 2572 libros
1138 2535 1194 2573 ser.
1207 2520 1246 2573 lte
1264 2523 1432 2589 yconomica

193 2622 278 2677 libros
298 2622 401 2676 (lucem.
422 2623 460 2676 tte
480 2621 591 2690 politica
608 2621 693 2674 libros
713 2625 784 2673 octo
803 2619 870 2672 Item
891 2617 1018 2686 exposuit
1033 2618 1068 2672 ad
1085 2618 1205 2672 litteram
1226 2636 1325 2674 omnes
1343 2621 1431 2676 libros
1448 2636 1477 2686 ι

195 2722 312 2777 morales
337 2720 518 2790 philosophiae
535 2719 696 2782 Aristotelis,
717 2718 819 2771 scilicet
840 2716 925 2770 libros
948 2716 1044 2770 decem
1067 2717 1237 2783 Ethicorum,
1260 2720 1347 2775 libros
1368 2729 1432 2778 octo

195 2820 379 2883 Politicorurn,
391 2819 476 2873 libror
491 2819 561 2872 duos
572 2818 809 2881 Ycunumicorum,
821 2816 905 2870 libros
923 2816 993 2870 duos
1010 2816 1170 2886 llagnorum
1190 2820 1349 2875 moralium.
1361 2823 1431 2877 ltem

104 2967 110 2980 ,
196 2920 385 2988 probleumata
393 2917 554 2971 Aristotelis.
563 2917 695 2986 Exposuit
707 2916 790 2969 etiam
803 2920 857 2969 tres
868 2915 953 2968 libros
966 2915 1181 2971 Rethoricorum
1194 2918 1216 2972 *.

464 3122 517 3178 ne
538 3117 691 3177 sotentta
708 3119 745 3176 et
763 3116 867 3176 ltbrts
884 3117 1163 3177 mathematicis.

243 3308 298 3368 19.
317 3310 421 3365 Omnes
437 3309 563 3363 scientias
579 3307 789 3362 mathematicas
806 3305 993 3374 copiosissime
1012 3307 1196 3375 pertractavit
1209 3307 1279 3362 Nam
1292 3309 1352 3378 ipse
1369 3312 1432 3366 tecit
1472 3330 1477 3343 ·

197 3426 335 3464 summam
347 3406 502 3462 descientia
512 3405 687 3460 Ariametrica
697 3406 717 3455 *.
729 3405 797 3458 Item
807 3403 889 3456 aliam
899 3403 932 3456 de
944 3403 1059 3457 scientia
1071 3405 1251 3473 perspectiva.
1263 3405 1332 3460 ltem
1347 3407 1430 3460 aliam

196 3508 414 3579 copiosissimam
427 3507 461 3559 de
472 3504 656 3565 astronomia3
674 3510 701 3556 et
710 3503 862 3573 quamlibet
875 3503 987 3556 istarum
996 3503 1171 3557 scientiarum
1187 3503 1215 3557 in
1228 3504 1334 3559 multos
1346 3506 1431 3561 libros

196 3607 325 3662 distinxit.
335 3608 404 3660 ltcm
415 3603 612 3659 commentarit
624 3602 829 3656 Arisnretricam
842 3601 943 3663 Boecii,
953 3601 1084 3655 Musicam
1094 3602 1227 3670 ejusdem,
1238 3606 1432 3672 geometriam,

196 3699 1286 3773 Euclidem,rtlurugestu1nTholomei,Speculumastrolabicum,Perspectivam
1294 3702 1432 3759 harenis.

195 3808 269 3863 l'ccit
284 3808 384 3862 librum
402 3807 532 3876 despera
549 3803 652 3858 rutundi.
670 3802 781 3856 Librum
802 3807 1034 3855 astronomorum.
1051 3801 1125 3855 Fecit
1143 3802 1245 3857 librum
1263 3804 1298 3858 de
1316 3805 1433 3860 scientia
1471 3816 1478 3860 .'

195 3907 339 3963 richinio.
359 3906 433 3961 Fecit
452 3920 589 3959 summam
610 3904 658 3956 uhi
678 3901 845 3971 improbavit
861 3900 990 3955 scientias
1006 3901 1127 3970 magicas
1148 3901 1433 3971 nigromanticorum:

195 4007 296 4063 scilicet
314 4005 532 4076 nigromantiam,
549 4002 742 4073 geomantiam,
753 4001 984 4071 hydromantiam,
996 4001 1206 4069 aeromantiam,
1223 4003 1435 4071 piromantiam,

195 4105 366 4176 auruspiciaur.
383 4104 600 4173 horoscopicam.
617 4102 770 4171 augurium,
788 4101 931 4159 maleficia.
948 4100 1095 4169 sortilegia,
1117 4101 1259 4170 praestigia
1279 4102 1350 4157 Item
1369 4104 1435 4158 fecit

195 4203 295 4257 librum
307 4203 354 4271 qni
366 4201 519 4256 intitulatur
532 4202 543 4226 ⁴
558 4200 597 4254 De
608 4198 719 4253 secretis
731 4204 898 4253 secretorum
917 4197 1021 4251 Atherti
1036 4239 1047 4263 ,
1069 4198 1165 4267 inquo
1178 4198 1249 4252 mira
1268 4204 1296 4253 et
1309 4200 1434 4255 inaudita

196 4302 294 4371 posuit.
307 4302 375 4355 Item
393 4301 492 4355 librum
504 4301 538 4354 dc
555 4304 653 4353 natura
664 4299 788 4359 deorum,
801 4297 828 4351 in
847 4297 937 4366 plures
949 4302 1041 4366 partes
1058 4297 1116 4351 sive
1134 4297 1242 4353 libellos
1262 4298 1431 4355 distinctum.
1445 4308 1479 4360 5-

196 4401 308 4457 hibrum
321 4401 355 4454 dc
367 4399 480 4454 homine
493 4398 650 4454 immortali.
670 4399 740 4453 ltem
752 4397 853 4452 librum
866 4396 899 4450 de
911 4396 1056 4450 duodecim
1070 4397 1233 4465 alphabetis.
1246 4398 1316 4453 ltem
1331 4399 1429 4454 librum

196 4500 230 4555 de
242 4498 510 4568 interpretationibus
519 4497 698 4551 somniorum.
709 4496 777 4549 ltcm
787 4496 885 4548 librum
899 4496 933 4548 dc
946 4494 1082 4564 magistris
1092 4496 1241 4566 purgandis
1252 4502 1280 4552 et
1292 4498 1427 4568 eligendis
