3270 5400
458 327 549 378 aran.
575 325 655 377 aaa.
682 327 852 379 anuxann.
880 351 926 358 -
952 329 1031 380 con.
1058 321 1096 381 ΝΟ
1120 328 1244 384 asoa-ar.
1413 313 1456 385 31

243 516 318 570 ribus
329 517 450 579 offertur,
462 521 601 586 gratanter
616 518 721 586 accipit.
738 517 767 571 Si
784 518 845 587 quis
863 535 928 572 vero
945 518 1088 572 haereticus
1106 519 1206 588 populo
1226 519 1371 587 admixtus,
1382 521 1461 589 qnasi

241 631 289 683 pro
301 615 447 670 devotione
459 617 487 670 in
498 632 583 669 manu
595 617 710 685 apostoli
722 617 825 686 aliquid
837 634 939 685 ponera
951 618 1055 679 nititur,
1064 618 1165 671 claudit
1177 623 1287 672 sanctus
1303 636 1424 684 manum,
1433 626 1461 673 et

241 714 358 767 nefanda
368 731 483 768 munera
494 716 616 785 accipere
629 717 752 785 denegat.

281 814 316 868 4.
340 812 463 880 Cumque
482 813 547 865 talia
564 813 695 867 relatione
715 813 898 882 quorumdam
916 814 944 866 in
962 814 1076 867 auribus
1094 813 1188 867 domni
1205 830 1280 882 papae
1297 813 1460 875 sonuissent,

209 914 223 964 t
240 910 334 964 adem
344 910 424 977 jussit
435 909 593 978 episcopum
605 915 633 963 et
640 927 675 964 ne
684 911 801 979 amplius
810 910 839 963 in
848 909 950 978 palatio
963 909 1033 962 falsa
1050 908 1205 972 seminaret,
1222 911 1272 962 sub
1285 909 1459 962 anathemate

239 1009 383 1079 prohibere
403 1009 497 1063 voluit.
517 1008 630 1062 veritati
650 1008 722 1062 enim
743 1009 911 1062 contrarium
933 1025 993 1061 esse
1014 1007 1165 1071 videbatur,
1185 1008 1259 1075 quod
1282 1009 1315 1061 de
1336 1007 1459 1076 apostolo

239 1107 410 1178 divulgasset.
427 1108 576 1177 Episcopus
592 1112 685 1161 autern
702 1124 794 1161 coram
816 1107 943 1161 omnibus
965 1106 1034 1159 nihil
1054 1121 1114 1159 esse
1133 1105 1223 1159 verius
1240 1106 1407 1171 altirmabat;
1424 1112 1459 1168 et,

239 1223 351 1260 assensu
362 1206 456 1261 domni
467 1222 552 1275 papae,
563 1206 728 1259 sacrosancti
740 1206 879 1275 Evangelii
890 1207 1048 1274 juramento
1061 1203 1099 1257 ita
1111 1220 1170 1256 esse
1185 1204 1381 1272 comprobavit.
1397 1204 1460 1257 Cre·

239 1306 307 1361 didit
318 1307 429 1359 tandem
441 1307 560 1359 domnus
571 1321 649 1374 papa,
661 1304 774 1359 credidit
788 1309 816 1358 et
831 1305 920 1359 omnis
933 1304 1016 1365 curia,
1029 1306 1057 1356 et
1071 1303 1143 1371 apud
1156 1302 1380 1372 omnipotentiam
1394 1303 1460 1356 divi·

192 1406 222 1456 t0
239 1419 303 1457 nam
315 1403 468 1473 apostolum
480 1403 586 1471 majora
597 1403 743 1473 impetrare
755 1419 834 1471 posse
846 1401 1046 1455 acclamabant.
1064 1397 1228 1469 Explicit.

677 1646 1017 1655 ———

414 1934 625 2021 LXXXIX.
655 1934 776 2020 codex
801 1934 988 2043 signatus
1014 1955 1058 2020 n⁰
1088 1936 1275 2025 7462-81.

269 2202 319 2255 llic
336 2201 424 2255 codex
435 2201 481 2256 iol.
493 2203 542 2255 216
553 2203 597 2256 cui
610 2201 685 2255 omni
696 2217 728 2254 ex
744 2205 821 2270 parte
834 2202 962 2254 convenit
975 2201 1123 2269 descriptio
1135 2219 1218 2270 quam
1230 2205 1312 2271 paulo
1327 2206 1457 2274 superius,

238 2316 264 2368 p.
276 2301 288 2353 l
300 2300 434 2363 dedimus,
445 2299 510 2352 olim
524 2300 550 2352 in
568 2316 663 2353 museo
681 2298 860 2353 Bollandiano
872 2298 992 2367 signatus
1005 2304 1064 2351 erat
1082 2298 1110 2366 Q
1127 2300 1167 2353 bis
1180 2302 1218 2354 10.
1230 2301 1318 2367 Quem
1330 2303 1457 2357 adhibuit

238 2396 397 2451 Her-ibertus
414 2397 582 2465 Rosvveydus
593 2398 621 2450 in
633 2397 744 2451 edendis
765 2397 835 2449 Vitis
846 2397 960 2449 Petrum
973 2395 1129 2465 Antverpiae
1140 2413 1213 2450 anno
1231 2398 1294 2451 1615
1311 2399 1375 2465 (rid.
1394 2400 1456 2454 Pro·

237 2494 294 2564 leg,
321 2514 348 2565 p.
367 2512 443 2550 uxn
468 2501 495 2549 et
520 2512 611 2559 nxxrrr,
636 2496 676 2549 lls
701 2495 886 2560 bloretianus).
910 2494 1041 2547 Continet
1063 2496 1146 2548 etiam
1169 2496 1301 2549 nonnulla
1317 2498 1456 2563 miracula,

238 2595 380 2664 desumpta
402 2599 433 2648 ut
456 2594 604 2664 plurimum
629 2610 663 2648 ex
688 2593 809 2647 Historia
837 2592 1022 2646 ecclesiastica
1052 2593 1220 2647 Venerabilis
1243 2596 1332 2662 Bedae,
1358 2598 1455 2652 deinde

238 2688 368 2760 maiorem
388 2697 494 2761 partem
515 2691 637 2761 opusculi
658 2691 731 2745 Petri
750 2695 931 2760 cognomento
944 2691 1123 2755 Venerabilis,
1139 2691 1245 2745 abbatis
1264 2693 1457 2763 Cluniacensis,

237 2790 309 2859 quod
335 2790 494 2844 inscribitur
517 2792 600 2845 Liber
621 2793 819 2845 Mirucutorum
842 2792 971 2859 quodque
999 2790 1132 2859 reperitur
1158 2793 1229 2860 apud
1252 2792 1347 2860 bligne,
1371 2792 1399 2846 P.
1419 2793 1457 2856 L.‚

237 2895 300 2943 tom.
312 2889 475 2952 CLXXXIX,
486 2907 511 2958 p.
522 2890 570 2944 851
583 2906 641 2959 sqq.
646 2910 653 2955 ;
669 2890 780 2944 tandem
792 2890 937 2959 sequentia
949 2889 1102 2943 distinctius
1114 2891 1235 2943 notanda
1248 2910 1254 2942 :

335 3108 373 3178 1⁰
397 3103 482 3177 Vita
498 3104 617 3177 sancti
633 3102 835 3194 Frontonii,
853 3103 969 3176 immo
988 3110 1092 3178 actus
1110 3105 1190 3198 eJus
1208 3128 1231 3178 a
1247 3107 1356 3179 beato
1372 3107 1455 3181 Hie·

379 3241 538 3312 ronymo
556 3218 751 3311 conscripti
767 3219 844 3310 (fol.
863 3219 1076 3312 llll-itit).

267 3350 346 3405 adiu
356 3349 430 3420 apud
440 3349 633 3417 Rosweydum,
642 3352 708 3402 tom.
717 3348 771 3415 cit,
780 3366 805 3417 p.
814 3349 932 3402 assati.

331 3469 371 3540 2⁰
396 3465 565 3540 Narratio
599 3465 717 3539 sancti
749 3465 963 3559 Hieronymi
997 3467 1200 3559 presbyteri
1233 3469 1277 3540 de
1310 3468 1455 3561 captivo

381 3582 566 3655 monacho
579 3580 729 3688 nornine
742 3582 886 3655 Malcho
898 3581 976 3674 (fol.
994 3583 1203 3676 raa-tau).

266 3711 557 3779 arratam.,p.aa-ao.

332 3832 373 3903 3⁰
398 3828 483 3902 Vita
495 3829 615 3902 sancti
631 3828 737 3902 Pauli
753 3828 862 3921 primi
882 3829 1071 3901 heremitae
1090 3828 1187 3902 edita
1204 3851 1227 3901 a
1246 3830 1354 3901 beato
1372 3829 1454 3903 Hic·

379 3965 537 4036 ronymo
554 3944 767 4036 presbytero
785 3942 862 4034 (fol.
885 3943 1095 4035 rar-tasi).

265 4073 345 4127 Edita
357 4072 430 4142 apud
440 4072 633 4140 Rosweydum,
647 4077 712 4126 tom.
722 4072 775 4137 cit,
786 4089 811 4140 p.
824 4071 907 4125 li-ao.

329 4191 371 4262 4⁰
394 4188 480 4262 Vita
508 4188 627 4263 sancti
653 4188 818 4279 Antonii,
845 4188 947 4281 prius
977 4189 1024 4261 ab
1051 4186 1258 4260 Athanasio
1283 4185 1453 4281 episcopo

378 4304 613 4377 Alexandriae
630 4326 749 4395 graeco
766 4304 850 4377 stilo
876 4302 1069 4395 descripta,
1084 4302 1215 4375 dehinc
1232 4302 1278 4374 ab
1296 4302 1453 4395 Evagrio

379 4418 580 4512 presbitero
598 4420 645 4492 ad
666 4418 921 4492 Innocentium
943 4416 981 4490 in
1002 4415 1159 4489 latinum
1178 4417 1359 4490 translata
1375 4416 1452 4509 (fol.

383 4534 594 4625 135v-147').

263 4662 334 4717 rme
346 4662 420 4730 iura,
431 4679 458 4732 p.
469 4663 551 4717 asco.
