3270 5400
293 332 362 405 108
624 358 751 408 caran.
776 358 881 410 cono.
906 357 1185 411 immoanarmc.

290 545 418 609 sonibus,
427 546 457 597 id
464 553 503 597 est
510 548 627 612 sinpulis
636 549 796 615 qudruslibet
804 550 951 600 criminum
960 549 1110 602 ercmsibus
1118 551 1266 615 diluendis,
1272 551 1353 615 fidus
1362 557 1386 601 ct
1392 550 1527 617 planetus

290 644 436 695 remedium
447 645 621 710 salutiferum
638 646 819 698 adhibendum
830 654 877 712 est,
886 649 1016 714 quatinus
1025 664 1073 699 cor
1084 650 1157 715 quod
1174 651 1330 702 vitiositatis
1341 649 1456 703 uneim
1466 650 1527 703 Deo

289 742 608 809 offensoprasocacerint,
617 746 711 796 dicina
718 748 819 811 matio,
830 762 889 813 qun
896 762 943 798 cor
953 749 1099 799 contritum
1112 754 1136 798 et
1148 747 1324 799 humiliatum
1337 764 1391 800 non
1401 749 1526 815 despicit,

289 840 391 891 lumine
407 856 462 893 sus
478 843 641 895 visitationis
655 845 779 909 pratuita
799 844 937 895 clementia
951 846 1014 909 jam
1031 862 1188 897 concersum
1204 847 1362 913 perlustret.
1382 847 1443 913 Epo
1462 862 1527 899 aero

290 938 407 990 miseret
423 940 588 993 miserabilis
599 944 714 993 istorum
732 944 878 1004 immemor,
894 944 1040 1007 condipnos
1054 945 1164 1008 fructus
1178 947 1342 1010 poenitentin
1357 946 1424 996 dum
1437 960 1528 1012 prope
1544 958 1560 1005 n

289 1042 328 1088 est
340 1036 474 1089 Dominus
488 1040 580 1103 [acere
591 1040 703 1105 neplexi,
714 1042 813 1107 quippe
829 1041 878 1106 qui
895 1056 941 1092 nec
957 1042 1100 1092 lacrimam
1119 1058 1201 1092 unam
1221 1043 1421 1108 indulpentiam
1430 1050 1527 1109 proetu-

291 1135 375 1186 lando
385 1136 480 1200 effudi.

331 1230 368 1289 θ.
391 1229 495 1285 Exinde
511 1234 661 1300 subjunxit,
677 1236 895 1290 auscultantibus
912 1236 960 1305 qui
976 1237 1100 1291 aderant.
1112 1236 1225 1289 dicens:
1243 1237 1322 1291 Etsi
1339 1240 1454 1290 meritas
1471 1253 1528 1289 non

290 1348 359 1397 sum,
374 1332 488 1384 Domine
497 1333 573 1396 decu,
581 1341 605 1385 te
616 1335 752 1400 suscipere
763 1335 831 1391 (non
841 1351 902 1387 sum
915 1336 1019 1396 etenim,
1031 1342 1162 1401 precntum
1180 1335 1218 1385 ad
1232 1342 1380 1401 respectum
1391 1335 1528 1387 bonorum

290 1446 401 1497 operum
408 1431 495 1495 fidei),
503 1439 590 1484 tonten
601 1435 779 1485 innocentiam
789 1433 920 1485 illibatam
930 1434 1089 1496 custodiens,
1097 1436 1157 1500 spei
1164 1440 1188 1485 et
1196 1434 1350 1487 dilectionis
1358 1439 1383 1485 te
1389 1448 1528 1500 prosumo
1547 1450 1577 1501 sp

290 1530 457 1596 complectere
467 1530 596 1596 brachiis,
612 1531 747 1595 confidens
763 1548 816 1584 non
834 1533 871 1583 ad
879 1533 1019 1596 judicium
1037 1533 1084 1583 sed
1100 1533 1137 1583 od
1149 1533 1206 1584 ritu
1213 1534 1411 1598 perceptionem
1423 1538 1531 1584 aternu

292 1629 509 1695 milsiprooenire
515 1647 613 1696 panem
625 1632 722 1695 risum,
733 1633 783 1698 qui
793 1632 826 1682 de
836 1632 900 1683 calo
914 1632 1056 1694 descendit,
1065 1630 1203 1682 baberdem
1214 1646 1291 1683 omne
1306 1631 1530 1683 delectamentum

290 1735 314 1779 et
323 1743 425 1779 omnem
433 1744 557 1794 saporem
568 1731 719 1781 suooitotis.
728 1728 796 1781 Tres
805 1728 886 1796 igitur
895 1728 923 1781 in
933 1744 997 1781 nom
1003 1728 1046 1781 ine
1056 1728 1144 1781 Patris
1157 1734 1184 1780 et
1195 1727 1255 1781 Filii
1268 1733 1296 1780 et
1307 1727 1426 1796 Spiritus
1437 1728 1529 1783 sancti

291 1824 397 1878 hostias
406 1830 525 1879 ueniens
537 1832 565 1880 et
576 1826 729 1889 lacrimam,
738 1827 892 1895 uberesque
900 1826 1076 1880 lacrimarum
1089 1826 1192 1879 imbres
1203 1827 1348 1880 effundens
1356 1826 1529 1880 assumendo

292 1924 454 1993 degustavit.
1548 1944 1580 1993 η

334 2023 369 2079 ’1.
393 2023 649 2090 Posthocquartam
657 2022 910 2076 oblatamsacrificii
919 2028 1058 2090 acceptam
1068 2022 1444 2085 extollenS,aiebst:Domine
1452 2024 1530 2076 Deus

295 2140 375 2186 meur,
387 2139 441 2173 ecce
457 2137 524 2189 quos
541 2122 608 2172 milei
623 2123 789 2186 commisisti,
800 2129 851 2173 triu
869 2120 1004 2185 ineffabili
1014 2121 1157 2172 clementis
1167 2121 1355 2173 custodiendos
1366 2128 1391 2173 et
1403 2124 1529 2174 munien-

293 2223 343 2275 dos
367 2229 391 2274 et
415 2236 473 2289 que
497 2228 560 2273 sunt
583 2222 712 2285 faciendo
729 2222 768 2273 rel
784 2221 895 2272 citanda
921 2220 1053 2273 docendos
1068 2228 1092 2272 et
1112 2221 1150 2272 ad
1166 2219 1219 2270 buc
1231 2221 1400 2287 perficienda
1418 2222 1530 2274 idoneos

292 2322 440 2388 faciendos,
457 2321 616 2384 commendo,
633 2322 704 2372 sicut
720 2328 758 2385 tn,
776 2320 897 2385 Domine,
911 2321 1028 2372 Matrem
1040 2322 1171 2386 cirpinem
1183 2327 1275 2372 sorrow
1285 2319 1411 2371 iohanni
1422 2322 1530 2387 cirpini

293 2421 492 2484 commendasti,
509 2421 639 2486 quatiente
650 2435 693 2471 eos
710 2436 727 2469 α
745 2420 826 2471 malis
837 2419 960 2472 ornnibns
971 2427 1026 2470 tam
1044 2422 1168 2486 corporis
1184 2434 1266 2486 qnam
1284 2420 1382 2470 anima
1390 2427 1530 2486 protepos,
1547 2436 1579 2489 ω

292 2522 392 2585 samos,
401 2526 513 2586 postque
521 2519 559 2571 ad
569 2519 681 2571 scelestis
698 2521 775 2583 repni
790 2526 919 2584 perpetua
930 2519 1035 2583 paudio
1046 2520 1189 2584 perducas.
1201 2518 1259 2584 Epo
1276 2519 1355 2582 enim,
1368 2520 1461 2571 mitius
1475 2520 1531 2572 ido·

295 2636 360 2673 neus
371 2622 410 2671 cis
422 2619 578 2670 crudiendis
589 2625 612 2669 et
623 2618 661 2669 ad
671 2618 740 2669 bona
756 2625 780 2670 et
797 2619 935 2670 salutaria
949 2618 1141 2683 informandis,
1153 2624 1177 2669 te
1195 2618 1300 2682 colente,
1313 2633 1367 2670 riori
1379 2634 1512 2684 superero
1518 2636 1530 2683 ,·

295 2721 343 2787 qui
353 2721 380 2769 si
387 2734 500 2786 praesse
508 2724 530 2769 et
536 2718 665 2783 prodesse
672 2718 711 2768 eis
723 2717 814 2769 idonee
822 2718 975 2777 valuissem,
986 2733 1038 2768 non
1049 2717 1115 2768 adeo
1126 2732 1166 2767 mc
1175 2717 1244 2783 ipsis
1252 2716 1345 2769 tollere
1353 2718 1529 2771 accelerares.

295 2820 347 2871 Sed
362 2826 400 2879 tn,
420 2818 541 2881 Domine,
558 2819 607 2884 qui
623 2819 713 2869 omnia
732 2820 761 2869 in
778 2820 912 2884 sapientia
928 2820 1026 2883 fecisti,
1044 2825 1067 2870 et
1084 2818 1174 2869 omnio
1193 2819 1221 2868 in
1240 2832 1353 2868 neenmro
1370 2824 1394 2868 et
1408 2817 1530 2883 pondere

295 2918 463 2984 disposuisti,
474 2918 552 2981 cujus
564 2919 593 2967 in
605 2918 651 2969 sui
661 2917 836 2982 dispositione
844 2919 1016 2983 procidentia
1028 2934 1081 2969 reon
1095 2923 1225 2980 mutatur,
1237 2916 1286 2980 fiat
1298 2916 1424 2968 oolrentas
1435 2923 1485 2967 tuo
1499 2917 1530 2967 in
1546 2930 1576 2979 η

296 3017 371 3069 nobis
380 3019 435 3069 sire
447 3016 593 3068 uirentibus
601 3017 655 3068 sire
664 3016 858 3080 morientibns;
869 3018 943 3083 peria,
955 3019 1010 3068 sire
1023 3017 1145 3079 vicimus,
1154 3017 1209 3067 sire
1222 3016 1365 3079 rnorimnr,
1374 3016 1418 3065 tui
1426 3030 1530 3067 sumus.

296 3114 360 3167 Hac
371 3119 464 3167 autem
476 3114 612 3167 sententia
623 3114 813 3182 resignationis
824 3116 894 3168 torte
912 3114 963 3168 sibi
981 3114 1080 3167 exinde
1098 3113 1218 3176 suberat,
1236 3111 1368 3181 quoniam
1385 3112 1530 3180 psalmista

295 3214 350 3267 ait:
362 3216 519 3281 imposuisti
529 3215 649 3266 domines
660 3230 743 3280 super
754 3217 844 3280 capita
856 3222 958 3267 nostra.
976 3213 1035 3266 lam
1054 3228 1088 3266 ex
1107 3213 1159 3265 hoc
1173 3210 1347 3264 Dnrninicum
1361 3227 1463 3279 corpus
1480 3227 1530 3280 pro

297 3328 374 3366 more
390 3328 441 3365 suo
456 3312 565 3379 Jngibus
576 3312 676 3365 osculis
687 3311 811 3373 ambivit,
822 3312 920 3365 deinde
938 3311 1022 3380 pixidi
1040 3309 1234 3364 venerabiliter
1252 3308 1385 3377 imposuit
1402 3316 1432 3363 et
1447 3327 1531 3380 super

296 3410 382 3463 altars
394 3408 515 3462 ecciesiae
524 3408 626 3477 portari
641 3410 776 3477 pracepit.
785 3409 889 3463 Exinde
900 3415 930 3463 ut
940 3409 1060 3462 secunda
1072 3408 1139 3461 feria
1158 3424 1257 3461 occano
1268 3423 1319 3460 suo
1330 3408 1388 3473 jam
1402 3408 1532 3462 termina·
1547 3422 1576 3473 3⁰

298 3510 385 3569 batur,
400 3508 453 3562 olei
470 3508 539 3561 sacri
558 3508 714 3562 unctionem
728 3508 806 3576 petiit
817 3513 844 3562 ct
861 3510 965 3578 rtccepit
977 3513 1005 3561 et
1021 3512 1227 3561 sacrosanctum
1240 3522 1340 3574 corpus
1353 3507 1531 3561 Donrinicum

298 3610 390 3662 denuo
402 3607 530 3677 percepit.

339 3705 374 3764 8.
398 3704 504 3759 interea
520 3703 674 3757 instituerat
685 3719 794 3756 sorores
805 3702 890 3757 finitis
901 3707 1007 3770 septem
1026 3702 1138 3770 psalmis
1155 3700 1285 3755 letaniam
1297 3702 1487 3770 pronuntiare,
1504 3700 1531 3754 in

298 3822 352 3875 qua
375 3808 487 3857 sanctus
508 3800 648 3854 lohannes
670 3800 811 3869 apostolus
828 3806 855 3854 et
877 3800 1045 3870 evangelista
1062 3800 1123 3853 loco
1142 3816 1192 3853 suo
1212 3798 1454 3852 intermittebatur.
1471 3798 1533 3867 lpse

298 3910 389 3958 antem
403 3903 457 3955 hoc
469 3899 614 3954 interstitio
625 3899 701 3967 loqui
710 3900 841 3968 nequivit,
854 3905 921 3953 nutu
939 3905 1032 3955 tanuen
1043 3915 1098 3967 quo
1114 3898 1254 3952 valuiteas
1266 3897 1300 3950 ad
1314 3896 1531 3967 reinceptionem
1548 3913 1576 3964 33

299 4002 392 4057 omissi
405 3999 521 4069 apristoli
540 3998 668 4052 reducere
685 3998 790 4067 sategit.
799 3998 922 4053 Trindem
941 4004 972 4052 ut
987 3997 1116 4051 habilitas
1129 3996 1205 4050 scindi
1217 3996 1242 4049 ei
1253 3995 1340 4060 affuit,
1350 3996 1449 4049 ordine
1460 4001 1532 4064 post·

300 4100 389 4170 posito
402 4099 490 4167 ipsum
507 4096 661 4167 apostolum
673 4096 781 4149 letaniae
798 4097 920 4150 inscruit.
932 4096 1036 4150 Exinde
1053 4096 1181 4149 membra
1198 4095 1289 4163 quiete
1301 4093 1454 4148 refovebat.
1467 4095 1533 4148 Post

300 4198 440 4251 modicum
451 4200 543 4249 autem
557 4195 768 4265 expergefactus.
778 4194 929 4249 vociferans
939 4195 1134 4264 proclamavit:
1146 4195 1262 4248 Gratias
1274 4196 1345 4260 cpite
1355 4211 1459 4247 mecum
1468 4195 1532 4259 Deo,

301 4298 366 4365 qnia
376 4297 478 4361 pandis
490 4297 617 4348 immenso
630 4312 701 4347 nunc
713 4296 896 4361 repletnsjam
912 4297 987 4348 tutas
998 4298 1112 4359 moriar,
1125 4303 1147 4346 et
1165 4296 1257 4347 alacer
1274 4296 1329 4345 sita
1347 4294 1451 4346 decedo.
1469 4292 1533 4347 Per·

301 4393 492 4447 cunctantibus
502 4408 566 4445 vero
577 4392 624 4460 qui
636 4393 752 4446 aderant
762 4409 874 4447 causam
887 4392 963 4446 verbi
981 4392 1088 4461 prolati,
1108 4393 1164 4461 ipse
1182 4390 1341 4445 subintulit:
1354 4393 1430 4445 Licet
1438 4394 1533 4460 prodi·
1548 4402 1576 4453 to

300 4496 383 4547 tionis
393 4501 482 4545 notam
492 4495 640 4557 incurram,
649 4500 745 4557 tamen,
754 4495 819 4560 qnia
829 4495 897 4559 capit
905 4495 946 4545 vis
958 4494 1110 4545 dilectionis
1128 4501 1225 4557 cestre,
1235 4506 1293 4559 qna
1309 4492 1423 4543 viderim
1441 4500 1533 4546 oestro

301 4593 413 4648 caritati
421 4592 529 4659 effabor,
540 4594 568 4644 in
580 4594 687 4645 laudem
699 4599 721 4644 ct
728 4594 846 4658 pieriam
859 4593 952 4645 Patris
962 4600 984 4644 et
1003 4592 1073 4644 Filii
1089 4599 1112 4645 et
1131 4592 1254 4658 Spiritus
1265 4592 1353 4643 sancti
1367 4607 1399 4643 ac
1409 4593 1534 4657 ploriosu

302 4694 415 4746 doneinn
423 4699 518 4744 nostru
526 4693 701 4743 candissimo
710 4691 762 4744 Dei
771 4693 913 4757 pcnitricis
925 4692 1029 4758 diaria,
1041 4707 1099 4759 qun
1111 4708 1182 4744 istunc
1193 4692 1292 4757 lepotos
1303 4706 1375 4756 suos,
1383 4698 1531 4758 patronum
