3270 5400
366 294 416 369 ἡ
698 317 825 370 mrsu.
850 319 954 371 conn.
980 320 1257 373 naorooasrurc.

368 508 565 577 punieantibus
576 509 700 564 cordium
711 511 806 564 audiat
814 517 905 564 restra
914 512 1037 566 intentio.
1046 528 1154 581 semper
1163 511 1191 565 in
1200 511 1329 564 omnibus
1337 511 1496 579 hujusmodi
1505 513 1596 580 ipsum

367 606 577 675 magniliando.
586 610 630 662 eui
640 626 704 663 rere
713 615 869 664 sanctorum
879 611 1003 664 omnium
1013 612 1165 679 imputatur
1172 610 1343 663 admirabilis
1353 611 1486 678 operatio.

409 704 444 763 2.
469 707 500 762 ln
513 707 577 761 ailla
592 707 674 776 igitur
683 724 745 776 quae
756 707 892 760 recitatur
902 708 1022 773 llaineis,
1031 709 1143 762 beatum
1155 708 1329 762 ldaurontum
1341 724 1475 777 suamque
1486 707 1597 777 genitri-

367 821 428 859 esrn
445 804 599 858 ltictrudim
617 803 778 872 contingens
792 805 853 871 jure
870 804 1038 867 hereditatis,
1058 805 1176 874 degebat
1194 806 1308 874 quidam
1327 805 1453 861 melicus.
1472 805 1517 858 cui
1537 812 1597 859 erat

368 903 491 957 silicium
502 902 629 956 carabum
641 903 743 956 sanctis
755 903 874 971 praelatis
885 904 1036 958 obnoxiam
1048 905 1127 972 juxta
1139 904 1262 957 debitum
1273 905 1413 957 servitutis
1423 921 1597 971 conservare,
1614 922 1630 968 5

368 1018 453 1072 quarn
465 1002 581 1055 liberam
591 1007 622 1056 nt
630 1002 745 1056 decebat
756 1008 784 1056 et
796 1003 949 1057 immunem
959 1004 996 1056 ita
1005 1004 1174 1057 tenueratab
1183 1004 1259 1057 omui
1267 1004 1380 1065 ditione,
1387 1020 1443 1072 quo
1454 1005 1543 1072 gratia
1550 1005 1597 1058 ali·

368 1101 593 1170 cujusrespectus
602 1101 669 1154 nulli
681 1102 828 1170 subjugata
835 1103 972 1155 rideretur
981 1103 1112 1167 dominio,
1118 1103 1170 1156 nisi
1177 1103 1228 1156 soli
1236 1108 1393 1156 sanctorum
1400 1119 1471 1171 quos
1477 1104 1598 1158 diximus

368 1198 491 1252 arbitrio.
501 1199 697 1252 Verumtamen
708 1200 828 1267 quadam
840 1200 892 1262 die,
904 1201 1033 1269 pestifero
1045 1217 1129 1254 suasu
1141 1201 1252 1266 accitus,
1264 1201 1376 1270 quidam
1388 1201 1476 1266 miles,
1486 1203 1598 1256 nomine

369 1296 510 1360 Osbertns,
522 1298 644 1365 ejusdem
656 1298 727 1351 aula
736 1299 871 1366 praedietae
883 1299 1048 1353 vocabulum
1060 1315 1195 1369 usurpans
1207 1301 1341 1363 aduocati,
1352 1301 1401 1354 sed
1412 1317 1497 1369 agens
1509 1301 1597 1355 ricem

369 1396 539 1450 crudelitatis
551 1401 578 1449 et
590 1397 794 1465 tyranni‚irruit
804 1403 932 1467 protervo
943 1398 1041 1466 spiritu
1058 1414 1141 1466 super
1157 1399 1326 1451 cambarium
1343 1399 1468 1466 superius
1485 1399 1598 1464 dictum,
1617 1412 1627 1457 t

369 1495 480 1563 exigens
491 1496 528 1548 ab
539 1511 573 1549 eo
584 1512 633 1564 pro
645 1496 743 1549 canaba
755 1496 873 1565 arripere
885 1497 1012 1550 censuale
1023 1502 1164 1565 respectus
1181 1497 1383 1561 munusculum,
1394 1497 1430 1550 ad
1441 1497 1485 1551 sui
1495 1496 1600 1555 scilicet

371 1594 510 1647 miseriam
529 1599 556 1647 et
572 1594 625 1647 sibi
644 1595 784 1648 veniendae
795 1595 908 1649 ultionis
924 1595 1127 1649 detrimentum.
1140 1594 1192 1661 Qui
1210 1596 1335 1660 rusticus,
1345 1611 1419 1648 nora
1436 1599 1463 1648 et
1474 1597 1598 1650 inaudita

370 1698 512 1762 permotus
525 1694 534 1727 ¹
549 1694 710 1757 temeritate,
722 1694 825 1747 studuit
842 1695 918 1747 oarui
935 1699 1035 1748 conatu
1052 1695 1184 1748 adversus
1201 1711 1264 1748 eum
1282 1694 1473 1748 contendendo
1491 1696 1599 1749 rectitu-

371 1791 444 1846 dinis
457 1793 625 1846 conscientia
636 1794 663 1847 id
674 1794 725 1847 sibi
735 1794 877 1862 denegare.
885 1793 1030 1862 Tyrannus
1039 1799 1130 1847 autem
1142 1800 1261 1847 econtra
1272 1810 1419 1848 succensus
1429 1795 1490 1863 igne
1499 1794 1599 1856 furiali,

372 1905 451 1945 orsus
469 1896 510 1943 est
531 1890 704 1944 innocentem
714 1892 726 1925 ²
737 1891 907 1944 cambarium
920 1908 1019 1945 vexare
1030 1892 1121 1945 studio
1134 1892 1299 1955 vehementi,
1311 1893 1399 1960 ipsum
1415 1892 1542 1960 iuquiens
1552 1898 1601 1947 aut
1619 1907 1629 1953 t

371 1987 425 2042 sibi
436 2005 630 2042 coacessurura
646 1990 773 2043 velociter
784 1991 858 2058 quod
869 1990 1027 2060 postularet
1036 1996 1084 2044 aut
1095 1992 1232 2060 suppliciis
1244 1991 1418 2060 plectendum
1430 2008 1486 2045 suae
1498 1992 1600 2045 manci·

373 2088 476 2157 patioai
490 2088 654 2157 subjuqaret

414 2185 449 2243 3.
475 2186 496 2237 V
499 2186 597 2240 illarius
609 2192 701 2240 autem
715 2187 839 2240 turbatus
856 2186 987 2241 violentia
1004 2187 1171 2255 hujusmodi,
1188 2204 1238 2241 nec
1256 2188 1362 2241 habens
1380 2186 1471 2241 locum
1489 2187 1518 2241 in
1535 2204 1601 2257 pne·

373 2285 525 2339 sentiarum
537 2285 592 2337 tale
604 2283 754 2352 periculum
768 2285 909 2349 evadendi,
927 2284 1015 2337 risum
1034 2290 1075 2337 est
1092 2285 1145 2338 sibi
1162 2286 1234 2354 apud
1251 2285 1342 2353 ipsum
1362 2285 1459 2338 saltem
1477 2285 1602 2339 inducias

374 2388 509 2453 expetere,
530 2400 600 2452 quas
620 2382 747 2436 videntur
765 2383 928 2437 secularium
947 2384 1020 2452 leges
1037 2385 1181 2437 admittere
1191 2404 1198 2447 ;
1215 2384 1316 2452 quibus
1333 2384 1428 2437 liceret
1447 2385 1602 2439 conducere

375 2486 493 2537 tutorem
503 2482 542 2535 rei
553 2482 713 2549 hujusmodi
725 2480 884 2550 legitimum,
893 2499 976 2550 quem
986 2483 1067 2551 vulgo
1079 2482 1217 2552 appellant
1228 2483 1397 2548 aarandum,
1406 2483 1453 2551 qui
1463 2483 1536 2536 hauc
1544 2499 1603 2537 rem

374 2580 587 2635 ecclesiasticam
606 2581 798 2634 testificaretur
817 2586 844 2634 et
861 2581 1005 2634 dissereret
1021 2582 1146 2635 examine
1161 2582 1293 2650 judicum,
1305 2583 1330 2636 ei
1347 2581 1450 2636 scilicet
1467 2584 1603 2650 respectui

374 2696 526 2748 numquam
548 2680 633 2733 tuisse
652 2680 835 2749 mancipatam
854 2696 903 2734 nee
921 2680 1021 2733 debere
1039 2681 1196 2749 mancipari,
1214 2682 1257 2735 cui
1276 2697 1336 2734 eam
1350 2681 1407 2749 ipse
1424 2682 1604 2736 contenderet

374 2779 476 2849 injusta
490 2778 597 2832 ratione
612 2778 750 2848 applicari.

414 2877 449 2936 4.
474 2878 580 2944 Quibus
592 2877 708 2930 libenter
719 2877 815 2931 annuit
836 2877 884 2930 Dei
905 2876 1084 2940 adversarius,
1098 2877 1160 2930 inde
1178 2879 1296 2947 acceptis
1312 2877 1528 2946 fidejussoribus,
1544 2894 1603 2947 spe·

374 2993 438 3031 rans
450 2982 514 3030 tune
525 2981 621 3030 contra
632 2976 644 3009 ⁸
657 2975 788 3029 villanum
798 2976 941 3043 justiorem
955 2992 1066 3028 eausam
1078 2975 1207 3039 nancisci,
1219 2992 1282 3028 cum
1294 2975 1433 3028 neminem
1446 2973 1603 3043 repperiret,

374 3082 406 3133 ut
416 3077 614 3139 meditabatur,
627 3091 725 3128 ausum
743 3075 841 3128 exinde
852 3079 948 3128 contra
965 3090 995 3128 se
1012 3074 1148 3143 congredi.
1161 3073 1322 3127 [lamberius
1338 3078 1432 3126 autem
1449 3073 1514 3126 inde
1531 3089 1602 3128 sece-

374 3177 450 3242 dens,
463 3191 556 3230 secum
569 3173 718 3239 consultus,
729 3178 837 3242 arrepto
850 3173 946 3226 itinere
958 3173 1104 3226 Martianus
1116 3177 1157 3226 est
1167 3173 1313 3242 profectus.
1326 3172 1421 3241 ibique
1432 3171 1602 3241 perveniens,

375 3275 477 3330 albrici
488 3274 597 3329 ablutis
606 3272 755 3341 prasentia
766 3272 858 3336 subiit,
871 3277 896 3326 ct
909 3272 948 3326 rei
958 3273 1081 3327 ordinem
1091 3288 1183 3325 eoram
1194 3271 1325 3325 iratribus
1342 3271 1367 3324 ei
1384 3271 1531 3325 enarravit
1542 3269 1602 3338 Quo

375 3373 477 3437 audito,
497 3374 583 3427 abbas
602 3376 630 3425 et
650 3371 779 3425 monachi
797 3371 963 3425 consternati
980 3371 1073 3424 animo
1090 3371 1313 3440 supplicaverunt
1330 3370 1417 3423 beatae
1434 3369 1561 3424 Rictrudi
1576 3373 1604 3423 et

375 3472 528 3535 lismonte,
542 3472 600 3540 ejus
617 3487 695 3524 sacro
711 3470 777 3534 filio,
793 3471 936 3538 atquibus
954 3471 1036 3524 fiebat
1053 3475 1136 3523 tantae
1153 3469 1304 3538 tyrannidis
1321 3469 1420 3537 injuria
1432 3469 1507 3522 idem
1518 3469 1604 3538 impe

374 3577 493 3626 trassent
505 3571 578 3640 apud
597 3584 735 3623 saturnum
752 3570 873 3637 judicem
885 3568 937 3622 sibi
949 3569 1066 3622 conferri
1084 3568 1112 3622 id
1124 3567 1271 3622 ulciscendi
1284 3567 1427 3637 magnalia.
1439 3567 1604 3621 Imminente

374 3673 467 3723 autem
480 3667 597 3722 termino
616 3667 795 3731 induciarum,
808 3666 894 3720 abbas
912 3671 939 3720 et
957 3666 1059 3731 fratres,
1071 3665 1125 3719 tale
1141 3666 1321 3719 decreverunt
1337 3664 1501 3730 consultum,
1518 3666 1605 3720 utoni

375 3769 549 3838 quaerebatur
561 3767 620 3821 lieri
633 3767 752 3820 nefanda
764 3766 792 3819 in
804 3766 847 3819 his
860 3766 942 3819 rebus
958 3765 1110 3833 usurpatio,
1128 3781 1265 3833 quemque
1282 3765 1412 3833 praelatus
1424 3765 1466 3818 vir
1478 3764 1532 3818 sibi
1543 3781 1605 3833 pre-

374 3870 502 3935 posuerat
513 3866 572 3918 tore
584 3863 719 3933 praesidio,
736 3862 820 3932 ipsius
837 3862 960 3931 ejusdem
978 3863 1052 3915 beati
1069 3862 1206 3915 ltlauronti
1223 3862 1259 3914 ad
1276 3860 1455 3915 constitutum
1472 3861 1605 3929 placitum
1634 3897 1635 3901 κ

376 3963 547 4017 deferrentur
559 3963 689 4032 reliquiae,
701 3978 761 4030 quae
774 3962 1006 4030 pretenderentur
1017 3960 1045 4013 in
1064 3976 1155 4014 rerum
1167 3974 1279 4013 suarum
1292 3960 1392 4013 idonea
1403 3958 1529 4024 tuitione,
1546 3960 1605 4028 qui·

376 4062 482 4130 busque
509 4062 614 4115 intuitis
641 4062 665 4115 is
688 4077 839 4129 perversus,
861 4061 944 4113 corde
968 4063 1155 4127 compunctus,
1177 4075 1207 4112 se
1227 4062 1413 4127 compesceret
1436 4058 1473 4111 ab
1502 4058 1605 4127 injusto

376 4161 521 4215 certamine
538 4160 718 4228 aliquatenus,
736 4165 763 4212 et
780 4160 954 4213 iunocentem
975 4159 1116 4212 homiuem
1135 4158 1277 4211 desisteret
1294 4173 1394 4211 vexare
1411 4157 1535 4211 ulterius.
1551 4157 1605 4212 Sed

376 4276 425 4330 pro
438 4260 515 4313 dolor
525 4261 531 4312 l
543 4259 631 4326 Quem
644 4260 685 4313 vis
697 4260 866 4313 daemoniaca
877 4258 1015 4312 hostiliter
1026 4257 1136 4327 instigat
1148 4261 1175 4311 et
1186 4257 1267 4322 acuit,
1280 4256 1394 4311 caecitati
1412 4256 1542 4311 insistens
1560 4258 1605 4311 rix

376 4361 424 4410 uut
436 4357 593 4411 nullatenus
604 4357 747 4425 resipiscit.

417 4455 451 4513 5.
476 4458 545 4510 Ecce
553 4455 707 4523 assumptis,
716 4455 892 4510 utdecretum
900 4454 1040 4517 est‚sacris
1049 4454 1179 4523 reliquiis,
1188 4455 1299 4524 quidam
1309 4456 1509 4511 monachorum
1520 4457 1607 4511 comi·

411 4668 420 4702 ¹
432 4670 488 4722 coil.
500 4673 652 4736 promotus.
664 4668 717 4707 -2
728 4670 784 4723 cod.
797 4669 965 4723 iunocenter.
977 4669 1030 4708 -⁸
1042 4671 1097 4724 cod.
1109 4685 1183 4724 cura
