3270 5400
322 404 409 456 BIBL.
427 404 508 456 fluo.
528 405 700 457 BRUXELL.
722 426 768 435 -
787 407 934 460 iuraui).
954 409 1000 460 ΑΙ)
1017 410 1096 460 COD.
1116 401 1152 461 ΝΟ
1170 410 1294 464 taos-ts.
1376 395 1424 467 99

231 599 344 662 presentes
354 599 446 648 essem
458 611 492 649 ex
510 595 565 650 hoc
581 612 638 650 non
655 597 793 652 modicum
813 598 965 667 stupefacti.
983 598 1040 666 ipse
1058 615 1123 652 vero
1142 600 1282 653 modicum
1301 601 1425 654 obmute-

230 694 343 757 scens,sed
354 694 465 747 tandem
485 694 540 749 cilo
558 695 655 764 spiritu
672 697 851 760 confortatus,
866 697 894 751 in
912 699 1057 766 prasentia
1074 698 1199 752 omnium
1217 699 1304 754 dixit:
1317 703 1425 766 Audite,

231 809 300 861 queso,
307 795 403 858 iratres
421 797 570 849 carissimi.
595 797 648 860 En,
666 799 756 863 refero
768 799 840 851 rolris
855 814 921 851 noea
928 800 1039 865 pariter
1050 805 1074 850 et
1084 800 1207 867 antiqua.
1222 800 1289 852 Cum
1300 816 1382 853 essem
1395 802 1425 853 ln

230 893 447 957 onnisjurenllibus
457 897 627 959 constitutus,
645 903 811 950 ammonente
825 899 946 963 plorioaa
963 899 1069 963 cirpine
1085 898 1175 950 Matre
1193 899 1252 963 Dei,
1265 900 1425 953 Praetenta-

208 993 274 1043 tcun
285 992 395 1044 Ordinem
407 1009 468 1045 sam
482 995 622 1061 inpressas
628 1013 640 1059 ;
652 1003 675 1048 et
688 996 721 1048 ab
733 998 794 1063 ipsa
806 1003 836 1048 ut
848 998 981 1050 deuotioni
992 1003 1015 1049 et
1032 998 1123 1049 stratio
1133 997 1249 1062 fideliter
1261 1000 1423 1050 intenderem

231 1108 273 1143 mn
281 1092 393 1146 balatus
407 1094 486 1158 Quod
496 1101 553 1146 tam
564 1097 670 1148 orando
679 1112 761 1163 qnam
773 1098 905 1149 studendo
917 1113 978 1148 erem
987 1113 1038 1163 per
1047 1097 1100 1148 Dei
1108 1098 1229 1161 aratiam
1242 1104 1374 1151 executus.
1387 1098 1425 1151 lit

231 1192 316 1258 modes
324 1193 397 1246 libris
408 1209 462 1247 non
475 1195 595 1247 valebam
604 1212 706 1263 capere,
718 1198 864 1262 sepissime
874 1197 1076 1262 intellipeudum
1089 1197 1260 1249 orationibus
1271 1199 1424 1264 irnpetraai.

232 1289 454 1357 liquatae-antem
468 1293 584 1346 Matrem
596 1296 796 1359 misericordia,
808 1296 860 1347 Dei
873 1297 1044 1356 Genitricem,
1060 1297 1204 1361 pemitibus
1215 1303 1238 1348 et
1253 1298 1423 1351 orationibus

232 1391 300 1452 comui
308 1398 330 1441 ut
345 1407 382 1442 me
393 1392 492 1443 dirime
509 1394 648 1460 sapientia
658 1393 761 1444 lumine
774 1393 924 1444 illrcuraret
936 1401 959 1444 el
971 1408 1017 1444 cor
1028 1408 1116 1444 nutem
1129 1394 1158 1443 in
1172 1394 1348 1446 solidamento
1358 1394 1424 1458 fidei

199 1484 221 1531 ll
232 1487 368 1555 confirmaret,
379 1506 418 1555 nc,
427 1490 652 1558 plirlosoplvorum
663 1493 817 1544 rationibus
830 1492 1000 1559 illaqueatus,
1012 1492 1044 1543 dc
1060 1492 1124 1556 fidei
1141 1493 1300 1544 rectitudine
1317 1494 1423 1546 dubito·

232 1600 278 1635 ren.
287 1586 384 1640 Tandem
394 1591 523 1656 piissima
536 1590 626 1642 Mater
636 1591 829 1643 irrisericordioe
840 1592 952 1656 dioneia
965 1596 1003 1642 est
1020 1590 1088 1641 milvi
1100 1590 1243 1643 visibiliter
1254 1608 1388 1657 apparere
1399 1599 1423 1644 et

233 1686 352 1739 mutando
360 1688 463 1740 dicere:
478 1688 489 1712 ⁴
504 1688 571 1740 Esto
583 1690 612 1740 in
621 1690 745 1741 studiari
757 1690 1095 1756 uirtutibusperseoerons.
1109 1689 1180 1741 Nam
1193 1688 1267 1741 Deus
1278 1696 1355 1741 tanta
1368 1706 1424 1742 sua

233 1784 333 1849 sapientie
341 1789 414 1853 copia
431 1794 456 1839 te
468 1787 577 1851 docebit,
590 1795 618 1840 ut
630 1804 680 1855 per
691 1788 777 1841 libros
789 1789 916 1841 doctrina
927 1795 978 1840 tua
988 1794 1043 1839 toto
1061 1788 1234 1840 illuminetur
1245 1788 1374 1840 Ecclesia.
1386 1789 1424 1842 Et

233 1880 416 1943 ninidcmleos
423 1884 561 1949 ancillare,
569 1891 631 1937 ante
641 1891 750 1936 mortem
760 1891 836 1936 tuam
846 1900 863 1935 a
872 1891 895 1936 te
904 1901 964 1937 omn
969 1886 992 1936 is
1000 1885 1150 1950 syllopiemi
1159 1886 1262 1937 astutio
1272 1886 1422 1950 artferetur,

201 1972 222 2020 ii
233 1978 276 2027 etin
285 1980 415 2033 innocentia
421 1983 529 2047 puerili
540 1999 572 2034 oc
580 1984 736 2035 sinceritate
744 1990 768 2035 ct
779 1985 890 2034 ueritate
899 1983 965 2047 {idei
976 1990 999 2033 te
1009 1982 1083 2035 Deus
1091 1982 1125 2034 ab
1134 1983 1181 2036 boc
1195 1984 1283 2036 sectelo
1295 1991 1421 2036 assumet.

233 2072 327 2128 b’otitiam
340 2096 396 2132 cero
412 2081 498 2146 liujus
512 2082 687 2147 temporisne
703 2082 751 2134 boc
768 2084 844 2145 scies,
857 2082 929 2148 quael
940 2082 1071 2146 defectum
1088 2083 1221 2134 memoria
1232 2083 1379 2134 sustinebis
1393 2083 1421 2134 in

231 2173 308 2236 pellica
323 2179 432 2232 lectione.
450 2219 464 2245 „
491 2180 528 2232 Et
549 2181 615 2244 ideo,
633 2181 739 2245 iratres
757 2181 950 2244 uocaretissimi,
970 2180 1041 2245 quod
1063 2178 1115 2230 hac
1132 2179 1201 2230 milvi
1221 2181 1342 2231 eueniant
1357 2180 1421 2245 jour

233 2276 437 2335 animatorum
455 2294 528 2329 nunc
544 2294 636 2330 eoram
653 2278 727 2330 cobis
743 2277 867 2330 omnibus
874 2277 981 2344 problicc
992 2277 1118 2340 confiteor
1128 2283 1152 2328 et
1159 2277 1290 2342 profiteor
1307 2278 1386 2329 corde
1398 2284 1422 2330 ct

233 2378 491 2443 ueonmtetsiapulos
500 2379 632 2430 articulos
641 2378 706 2443 fidei
714 2377 916 2429 christianarne
920 2377 1038 2441 firmiter
1045 2375 1160 2439 credere,
1170 2382 1193 2427 et
1202 2377 1420 2442 supplicationi·

201 2459 465 2527 attenuarentur
476 2476 598 2527 exbiberi
605 2477 783 2528 ecclesiastica
795 2480 963 2527 sacramenta
975 2480 1091 2539 tempore
1102 2480 1259 2540 opportuno.
1269 2474 1305 2525 Et
1317 2474 1343 2526 si
1354 2475 1422 2541 quid

233 2562 274 2617 liri
281 2571 406 2640 adscripsi
417 2575 457 2627 cel
469 2574 565 2626 dicero
575 2576 603 2626 in
614 2575 741 2640 futurum
754 2574 825 2641 quod
836 2574 944 2624 ceritati
953 2572 1018 2637 fidei
1026 2569 1082 2624 nore
1093 2572 1240 2635 concordet,
1253 2573 1310 2624 oolo
1322 2580 1352 2625 ut
1361 2574 1421 2626 nul·

233 2660 378 2732 liupondern
389 2675 497 2725 existat.
509 2671 616 2738 Quibus
633 2672 719 2735 dictis,
732 2671 860 2725 omnibus
873 2669 1053 2737 praesentibus
1065 2669 1192 2738 profusus
1206 2669 1233 2722 in
1245 2668 1374 2723 lacrimas
1386 2671 1421 2724 ds

233 2756 512 2835 obmutescendum
524 2773 631 2824 extunc
643 2786 794 2839 numquam
805 2769 909 2837 aliquid
924 2768 1032 2836 scripsit
1043 2773 1091 2821 aut
1108 2767 1185 2836 legit3
1200 2769 1249 2821 sed
1261 2768 1339 2837 quasi
1352 2785 1420 2837 puer

233 2858 316 2930 Diuque
325 2882 463 2931 annorum,
475 2870 608 2924 innocens
618 2875 646 2923 et
659 2869 840 2931 columbinus,
853 2869 923 2922 inter
935 2869 1031 2921 lintres
1042 2867 1175 2935 quamdiu
1187 2867 1341 2935 supervixit
1353 2885 1420 2922 con·

201 2948 317 3016 ¹⁵*tritius
326 2972 370 3028 est,
381 2984 411 3021 se
422 2968 596 3023 orationibus
608 2968 746 3022 continuis
757 2966 949 3036 mancipando.
968 2967 1000 3019 Et
1013 2970 1158 3034 postquam
1178 2965 1266 3019 multa
1286 2966 1419 3021 miracula

232 3064 352 3123 upeuavil
371 3082 402 3119 ac
422 3067 526 3121 multos
545 3065 631 3120 libros
651 3067 851 3121 famosissimos
872 3064 1039 3133 compilavit,
1051 3081 1124 3117 anno
1140 3064 1250 3118 Domini
1269 3064 1417 3120 millesimo

233 3148 371 3216 dlittttiesimo
381 3167 576 3234 octuagesimo,
586 3165 785 3219 consummatis
794 3165 857 3218 vitae
866 3180 922 3217 suae
931 3163 1010 3216 annis
1019 3162 1126 3216 circiter
1136 3162 1292 3231 octuaginta
1303 3169 1417 3233 septem,

232 3245 566 3319 autumnitanorum
584 3280 697 3318 suorum
715 3280 815 3318 manus
832 3266 860 3316 in
878 3265 1015 3316 conventu
1033 3261 1190 3315 Coloniensi
1208 3260 1377 3316 obdormivit
1389 3262 1417 3316 in

232 3343 318 3419 ⁰0an
327 3365 351 3414 ct
361 3361 388 3416 in
397 3362 484 3417 choro
493 3369 558 3417 ante
569 3380 700 3433 magnum
710 3363 796 3416 altare
807 3362 860 3415 fuit
872 3360 1033 3415 solemniter
1044 3359 1176 3428 sepultus.

200 3550 221 3603 ³⁰
376 3561 543 3636 Qualiter
562 3563 645 3634 post
664 3562 816 3621 mortem
836 3562 1014 3633 gloriosus
1035 3561 1218 3633 apparuit.

256 3755 280 3815 9.
296 3765 369 3824 llultis
386 3769 478 3824 modis
498 3768 614 3839 gloriam
631 3768 736 3823 Alberli
754 3768 842 3837 Magni
860 3769 995 3822 Dominus
1015 3768 1178 3822 mirabiliter
1198 3767 1327 3821 ostendit.
1344 3767 1413 3820 Nam

230 3848 286 3911 inm
297 3862 445 3921 Godctridus
466 3867 500 3920 de
521 3867 699 3932 Dinocrbrup,
720 3866 778 3933 ejus
795 3865 887 3919 socius
899 3870 928 3919 ct
945 3865 1077 3929 minister,
1087 3870 1275 3933 postmortem
1294 3863 1414 3931 jejuniis,

228 3945 311 4014 ¹²tiliois
324 3963 529 4019 etomtionibus
546 3964 683 4018 continuis
701 3980 750 4033 pro
769 3964 828 4032 ejus
846 3963 939 4017 anima
951 3964 1100 4017 Dominum
1113 3963 1254 4017 exorabat.
1266 3963 1317 4017 Cui
1335 3963 1412 4018 tratri

228 4055 397 4118 mimirum
416 4064 445 4117 in
460 4062 578 4117 ccclesia
597 4064 686 4117 oranti
708 4067 736 4116 et
755 4063 877 4131 vigilanti
896 4062 1024 4116 Albertus
1042 4062 1186 4116 visibiliter
1203 4063 1329 4130 apparuit
1350 4078 1412 4116 cnm

196 4138 217 4193 Β
227 4147 328 4214 tullidam
335 4162 459 4226 mirabili,
472 4160 652 4216 nobilissimis
664 4160 786 4216 vestibus
798 4160 1000 4230 pontificalibus
1012 4161 1170 4226 adornatus,
1182 4160 1289 4214 habens
1300 4161 1412 4215 mitram

227 4242 320 4320 bospite,
329 4260 356 4314 ln
364 4262 443 4329 cujus
452 4260 544 4314 ironte
556 4265 615 4314 erat
624 4276 696 4313 unus
707 4277 824 4329 magnus
833 4260 904 4327 lapis
916 4259 1053 4328 pretiosus
1065 4260 1120 4328 qui,
1134 4259 1279 4327 splendore
1291 4260 1411 4314 mirabili

225 4341 354 4413 lunense
364 4359 424 4428 ipso
437 4359 569 4412 emittens
581 4358 681 4422 radios,
695 4364 781 4412 totam
799 4358 944 4412 ecclesiam
956 4357 1118 4410 illustrabat.
1136 4358 1306 4411 Indumentis
1318 4364 1411 4413 autem

225 4441 435 4512 emineamus
447 4474 498 4526 per
509 4462 598 4511 totum
614 4456 719 4526 lapides
731 4457 851 4525 pretiosi.
863 4457 958 4510 Frater
970 4461 1060 4509 autem
1074 4457 1133 4509 haec
1146 4456 1248 4520 videns,
1260 4461 1373 4525 stupens
1385 4463 1413 4512 et

224 4540 362 4611 &Dienses
374 4562 431 4611 mm
443 4555 566 4611 mirabili
575 4554 679 4609 visione
692 4555 836 4624 ipsumque
848 4554 991 4608 ulbertum
1004 4570 1209 4622 recognoscens,
1223 4556 1364 4623 requisivit
1377 4557 1412 4610 ab

188 4632 211 4687 ω
222 4651 245 4691 ⁰⁰
253 4649 342 4710 univer
352 4654 403 4709 sibi
412 4658 496 4708 esset·
507 4652 560 4719 Qui
573 4652 688 4722 benigne
701 4653 856 4722 respondit:
871 4653 982 4721 Optime,
992 4654 1035 4718 iili
1046 4655 1091 4705 rui.
1104 4654 1229 4705 Humani
1237 4656 1308 4706 euim
1317 4653 1420 4737 setosus}

220 4752 312 4802 umora
321 4768 427 4820 capaces
441 4753 579 4805 claritatis
596 4759 620 4804 et
635 4752 730 4818 cloria
747 4752 845 4819 quibus
862 4767 902 4804 me
914 4751 1049 4805 Dominus
1066 4767 1117 4803 sua
1130 4753 1231 4818 pietate
1248 4753 1421 4805 mirabilitcr'
1475 4728 1521 4815 3³³
