3270 5400
247 362 340 414 eren.
357 360 439 412 aro.
458 358 632 411 aauxnuu.
650 379 698 390 —
716 358 821 411 cono.
839 351 1310 428 1031991919,1111910119.
1360 335 1430 408 431

296 555 336 626 5⁰
361 553 449 627 Vita
467 552 504 626 S.
520 551 662 626 Nicolai
679 551 758 644 (fol.
777 551 941 642 rof-46¹).
1105 551 1116 580 ⁸

229 683 429 737 Brevissimum
446 681 642 750 compendium
662 681 732 735 Vita
749 696 822 749 serpe
842 680 887 733 cit.
904 706 937 717 -
959 678 999 732 nd
1020 678 1067 732 lin.
1084 677 1195 732 191411ν
1216 678 1353 747 descripta
1371 682 1436 732 sunt

198 781 374 849 responsoria
386 779 493 848 aliquot
501 779 535 833 de
546 779 588 833 Si⁰
597 778 711 833 Jacobo.

637 991 983 1010 —

437 1251 580 1340 OXGV.
608 1251 731 1341 (lodex
757 1252 947 1363 signatus
973 1269 1018 1336 n⁰
1045 1248 1197 1337 21002.

230 1496 347 1549 Constat
363 1494 505 1548 codicibus
521 1495 639 1561 duobus,
656 1512 775 1565 quorum
794 1496 870 1565 prior
892 1495 1088 1550 membraneus
1106 1501 1148 1550 est
1169 1510 1339 1564 papyraceus
1358 1495 1436 1550 alter.

199 1594 355 1648 Posteriore
367 1611 440 1648 nunc
453 1595 565 1655 omisso.
576 1597 653 1665 prior
663 1595 710 1649 iol.
725 1596 763 1661 18,
775 1596 872 1650 formas
888 1594 1004 1649 minoris
1017 1596 1121 1659 1011000
1139 1603 1164 1651 ><
1178 1596 1247 1657 ult)
1258 1594 1337 1649 lineis
1348 1594 1437 1665 plenis

200 1693 331 1762 graphide
343 1694 433 1747 ductis
446 1701 575 1749 exaratus
584 1700 626 1748 est
634 1710 688 1748 sec.
697 1694 753 1748 XV.
762 1694 847 1748 Tituli
860 1694 1000 1757 rubricati,
1012 1694 1110 1749 litlerae
1123 1694 1243 1761 majores
1251 1693 1364 1748 alternis
1372 1694 1436 1749 uici·

201 1794 251 1848 bus
269 1794 353 1847 rubro
371 1793 543 1862 coeruleoque
562 1793 686 1861 depictae.
706 1790 842 1846 Pertinuit
859 1792 925 1846 olim
943 1792 979 1846 ad
1002 1791 1089 1846 altare
1106 1792 1132 1846 S.
1150 1792 1265 1847 nubent
1286 1793 1314 1847 in
1332 1793 1437 1863 capella

201 1892 372 1947 Bruxellensi
389 1894 423 1946 ad
441 1893 570 1946 Sanctam
583 1893 699 1946 Mariam
710 1893 908 1961 Magdalenam.
920 1892 1000 1959 Quod
1017 1897 1093 1962 patet
1110 1898 1168 1947 tum
1182 1909 1215 1947 ex
1233 1892 1266 1947 iis
1278 1910 1339 1963 quae
1356 1895 1437 1949 initio

202 1990 268 2055 (loll
282 1991 368 2056 1111)
386 1992 420 2044 de
439 1989 539 2044 annuis
551 1990 678 2059 expensis
698 1991 852 2059 conscripta
865 1996 937 2053 sunt,
955 1995 1014 2044 tum
1033 2007 1065 2044 ex
1086 1991 1211 2060 catalogo
1229 2007 1327 2046 eorum
1344 1992 1391 2061 qui
1408 1993 1437 2047 in

200 2089 347 2143 festivitate
366 2089 454 2143 sancti
472 2088 587 2142 Auberti
605 2089 639 2143 de
658 2106 690 2143 9ο
708 2091 743 2143 ad
761 2089 894 2159 populum
912 2105 1069 2143 sermonem
1087 2089 1226 2154 lrabuere;
1252 2107 1337 2158 quem
1362 2095 1437 2145 cata·

200 2187 292 2255 logum
306 2187 334 2240 in
344 2187 399 2241 fine
410 2186 525 2241 alterius
543 2185 644 2240 codicis
661 2185 793 2240 invenies.
810 2186 934 2240 Tandem
953 2186 1190 2263 animadvertatur
1201 2187 1229 2241 in
1239 2187 1330 2256 priore
1341 2188 1436 2242 codice

201 2286 257 2341 roll.
278 2287 357 2340 15-18
379 2303 467 2340 uacua
490 2286 654 2340 remansisse
666 2302 698 2340 ac
711 2286 780 2341 fot1
800 2285 839 2339 ita
856 2286 977 2340 lacerum
994 2291 1135 2354 repertum
1147 2286 1233 2340 luisse
1244 2291 1276 2340 ut
1290 2286 1349 2354 ejus
1361 2291 1436 2342 recta

203 2400 264 2452 pars
282 2384 385 2438 chartae
398 2383 568 2454 agglutinata
583 2384 628 2438 sit.

302 2585 339 2655 1Ο
364 2582 451 2655 Vita
471 2582 507 2656 S.
526 2583 697 2656 Autberti
715 2582 876 2674 episcopi
893 2588 929 2656 ct
947 2583 1172 2657 confessoris
1190 2582 1263 2680 (fol.
1280 2584 1393 2682 3292).

231 2713 434 2782 Compendium
446 2711 513 2766 Vitoe
524 2713 700 2782 desumptum
713 2728 746 2766 ex
757 2711 818 2765 Vita
830 2713 864 2766 de
875 2730 930 2781 qua
942 2729 1033 2782 supra,
1044 2729 1070 2781 p.
1084 2714 1123 2778 17,
1135 2714 1188 2767 400.

298 2816 338 2886 00
363 2815 405 2887 In
431 2814 635 2888 elevatione
661 2815 698 2889 S.
725 2814 895 2887 Autberti
918 2820 954 2887 et
980 2815 1024 2888 de
1042 2814 1124 2907 ejus
1148 2814 1337 2889 miraculis
1353 2816 1434 2902 (fol.

348 2931 486 3026 auru).

232 3059 377 3113 Praemissa
394 3060 552 3113 narratione
563 3076 626 3128 quae
637 3060 712 3114 edita
724 3064 765 3113 est
777 3075 868 3127 supra,
885 3063 951 3112 tom.
963 3059 983 3121 l,
1001 3075 1027 3127 p.
1045 3060 1096 3112 ο130
1111 3060 1206 3124 (Anno
1220 3062 1434 3115 incarnationis·

200 3161 376 3225 coruscantur),
393 3158 481 3212 relata
491 3164 557 3213 sunt
567 3158 701 3213 miracula
712 3160 843 3228 quinque,
851 3174 913 3226 quae
928 3158 1034 3212 meritis
1046 3156 1119 3212 beati
1131 3158 1271 3226 pontilicis
1284 3160 1358 3213 Deus
1370 3176 1433 3228 ope·

203 3258 253 3311 rari
265 3258 393 3328 dignatus
405 3264 455 3312 est.

643 3414 988 3424 ————

396 3679 557 3767 GXGVI.
586 3678 713 3765 (lodex
738 3683 926 3790 signatus
953 3700 998 3767 n0
1024 3678 1237 3769 21177-79.

199 4024 260 4080 ideo
269 4025 453 4079 recensendus
465 4029 508 4078 cst
518 4025 593 4094 quod
604 4024 682 4078 initio
695 4023 849 4093 fragmenta
858 4024 913 4078 duo
925 4024 1036 4078 fuerunt
1046 4024 1172 4092 apposita
1182 4023 1209 4077 in
1222 4024 1323 4093 quibus
1336 4025 1434 4080 descri-

198 4128 246 4193 pta
265 4127 330 4177 sunt
349 4122 516 4176 documenta
535 4121 714 4191 hagiologica.
733 4123 831 4191 ltaque
851 4122 948 4176 ceteris
969 4121 1078 4176 omissis
1097 4122 1156 4175 haec
1178 4122 1258 4176 nobis
1278 4123 1334 4177 sint
1354 4141 1433 4179 curre.

197 4222 443 4277 Animadvertatur
454 4220 623 4275 tameniolio
634 4222 683 4285 12¹,
700 4237 756 4290 quo
774 4220 870 4288 incipit
886 4220 943 4289 ipse
962 4221 1056 4283 codex,
1074 4220 1238 4288 descriptam
1257 4238 1318 4276 esse
1330 4227 1434 4288 notam,

196 4322 242 4376 cui
253 4320 324 4374 bene
335 4319 459 4373 attendet
475 4317 521 4373 ille
533 4317 581 4387 qui
597 4317 706 4387 penitus
718 4334 883 4387 cognoscere
900 4317 966 4372 velit
983 4318 1127 4372 historiam
1142 4318 1305 4373 litterariam
1321 4319 1434 4388 insignis

195 4419 316 4475 abbatiae
327 4417 487 4472 Leodiensis
498 4417 533 4471 ad
545 4416 676 4471 Sanctum
691 4417 881 4472 Laurentium.
900 4418 944 4471 Sic
955 4417 1056 4472 habet:
1068 4420 1123 4472 Istc
1139 4418 1208 4471 tiber
1216 4420 1333 4485 pertinet
1343 4436 1434 4474 mono·

194 4522 281 4575 sterio
297 4519 393 4572 Sancti
409 4516 559 4571 Laurentii
563 4533 650 4585 prope
666 4524 690 4570 et
706 4525 786 4571 cetra
797 4533 892 4571 muros
903 4516 1063 4571 Leodieneca
1081 4535 1157 4584 quem
1169 4519 1273 4584 collegit
1283 4526 1308 4573 et
1325 4522 1436 4589 scripsit

194 4636 282 4673 manu
295 4619 416 4686 proprio
435 4617 550 4669 Nolanus
565 4616 706 4669 lohannes
717 4617 749 4669 dc
770 4616 863 4682 Yride,
876 4617 1012 4684 quondam
1024 4618 1156 4683 supprior
1170 4617 1255 4684 lapus
1272 4619 1346 4685 loci;
1362 4628 1387 4674 et
1397 4627 1436 4675 eat

192 4719 303 4788 tptrctua
314 4718 392 4784 ajam
402 4717 541 4784 Epylopua
553 4716 586 4769 de
597 4714 688 4782 officio
700 4715 795 4770 micae.
