3270 5400
358 330 426 402 148
692 351 819 403 curan.
846 352 952 402 cono.
979 351 1258 404 nrsroanasrnc.
1360 428 1375 441 ι

353 543 381 596 in
395 542 533 610 responsis
546 541 630 611 ipsius
642 558 751 611 semper
763 544 851 612 pietas
870 549 898 596 et
909 544 1054 612 prudentia
1067 543 1221 598 resonabat.
1233 543 1312 598 Unde
1329 543 1441 597 cuidam
1458 543 1594 613 querenti

353 643 389 697 ab
407 659 440 696 eo
459 659 542 710 quarn
560 646 683 695 servaret
702 641 832 710 regulam.
851 642 1008 710 respondit:
1021 643 1234 696 &solaciorum
1251 644 1376 708 reputans
1389 659 1476 709 snm,
1489 645 1540 697 lroc
1555 653 1594 697 est

353 745 459 797 troarne
476 744 570 804 cicere,
590 742 692 794 discere
709 749 732 794 et
752 742 853 795 docere.
868 743 930 808 Oua
945 745 1002 794 tria
1014 745 1078 809 petit
1087 744 1241 809 psalmisto,
1252 743 1344 794 diceus
1354 761 1364 794 :
1376 740 1390 767 ‘⁴
1401 742 1556 796 Bouitotern
1568 752 1593 796 et

353 843 528 908 disciplinam
549 848 573 892 et
593 842 734 892 scientiam
757 841 820 893 doce
844 858 919 903 me,
948 840 1127 907 Interrogavit
1147 855 1210 893 eum
1231 840 1344 908 quidam
1362 839 1459 901 laicuS,
1477 841 1592 895 dicens:

355 942 492 1007 blopister,
516 941 617 992 caletur
637 940 745 991 “Pater
756 948 848 993 noster
859 980 872 1004 „
893 941 924 991 in
944 957 990 992 ore
1009 942 1177 992 indoctorum
1196 941 1330 992 laicorum
1348 948 1455 992 tautum
1473 942 1545 993 sicut
1562 945 1622 993 int

352 1056 399 1093 orn
410 1041 590 1091 litteratorum
604 1040 784 1091 clericorum?
796 1037 967 1106 Respondit:
984 1040 1088 1106 titique,
1105 1041 1176 1091 sicut
1190 1040 1264 1105 lapis
1276 1041 1417 1106 pretiosus
1434 1054 1509 1107 aeque
1522 1040 1592 1093 oola

353 1140 382 1190 in
392 1154 475 1189 morsu
487 1138 620 1203 simplicis
630 1143 655 1188 et
664 1139 756 1189 amnti.
769 1136 843 1189 Dixit
855 1135 967 1204 quidarn
985 1134 1136 1189 scholaris:
1155 1137 1295 1202 blopister,
1312 1138 1431 1204 quidest
1450 1139 1525 1204 quod
1542 1154 1591 1191 nos

351 1237 487 1289 scholares
503 1237 620 1288 dicimus
638 1237 709 1287 inter
729 1252 785 1298 uos,
806 1236 878 1302 quod
890 1237 1015 1302 pristino
1026 1243 1147 1303 temporo
1169 1237 1283 1288 iustiora
1299 1237 1415 1300 fuerunt
1432 1253 1517 1304 quom
1536 1237 1590 1290 linc

352 1336 480 1387 tnoderno
491 1336 518 1386 iu
529 1334 627 1401 quibus
636 1350 681 1386 ros
691 1350 735 1385 serr
740 1335 800 1386 istis
809 1341 833 1386 st
839 1335 985 1404 Minores?
994 1332 1050 1386 ait:
1060 1334 1166 1387 Possem
1173 1334 1246 1387 uobis
1253 1335 1390 1387 oeteudm
1399 1337 1572 1387 contrarium
1578 1355 1589 1399 ,-

351 1434 398 1486 sul
414 1434 474 1486 dico
485 1434 558 1500 quod
574 1433 623 1484 boc
629 1433 747 1497 justum.
767 1433 827 1485 Non
846 1434 918 1485 enim
936 1435 1102 1499 ipuoronter,
1119 1435 1189 1486 sicut
1207 1434 1280 1496 olim,
1297 1434 1345 1485 sul
1362 1435 1481 1486 scienter
1496 1442 1588 1501 poscat
1602 1437 1625 1485 tt

350 1533 478 1584 mriudus.
487 1532 540 1584 Per
548 1533 614 1584 istos
623 1533 694 1583 urim
703 1534 868 1584 arriruutiato
877 1540 940 1584 sreut
950 1533 1050 1584 nturrdo
1056 1538 1165 1598 peccatu
1175 1539 1198 1584 et
1206 1533 1306 1584 seelera
1316 1548 1377 1584 sua.
1385 1532 1423 1584 Et
1432 1532 1505 1585 uobis
1513 1535 1587 1587 dieo:

353 1631 416 1683 Nisi
426 1632 628 1693 concertamini,
637 1632 733 1696 pejoru
745 1631 920 1682 sustinebitis.
931 1631 992 1683 Nou
1001 1647 1061 1683 cero
1069 1633 1197 1683 insistitur
1206 1632 1256 1697 qui
1263 1632 1354 1682 dixit:
1365 1630 1376 1654 ⁸
1387 1631 1586 1685 sirenosum

350 1730 511 1783 uoluntatem
524 1729 637 1780 Domini
647 1730 693 1780 sui
704 1736 728 1780 et
740 1746 793 1780 riou
808 1731 922 1795 fuer'ens,
934 1729 1072 1795 vapulabit
1088 1731 1189 1782 miritis.
1201 1768 1214 1793 „
1234 1728 1303 1781 Curn
1323 1727 1445 1781 venisset
1461 1729 1584 1798 quanm·

350 1842 405 1894 que
423 1826 464 1880 vir
481 1831 592 1879 sanctus
610 1826 644 1879 ad
663 1825 854 1895 cpiscoporum
875 1831 1050 1888 conventura,
1067 1826 1170 1880 dictura
1189 1831 1232 1880 est
1252 1826 1327 1896 quod
1345 1825 1432 1895 aliqui
1451 1826 1487 1882 de
1504 1828 1584 1882 antu

349 1924 497 1980 Ordinibus
508 1924 642 1991 assumpti
655 1899 689 1977 ad
702 1924 885 1994 episcopalem
899 1925 1067 1993 rtigndatem,
1079 1924 1139 1994 plus
1158 1924 1255 1979 ceteris
1272 1923 1450 1979 insolescunt
1462 1926 1582 1996 Respou·
1596 1930 1619 1978 u

348 2024 416 2079 dens
428 2023 557 2092 magister
569 2043 575 2077 :
589 2025 653 2088 Hoc,
672 2024 768 2092 inquit,
781 2027 910 2092 impuitate
926 2025 1016 2088 vobis,·
1033 2026 1165 2092 quamdiu
1181 2027 1295 2090 suerunt
1311 2027 1342 2077 iu
1362 2025 1468 2079 Ordine
1484 2032 1583 2093 nom,

349 2139 397 2175 uos
409 2123 471 2174 bene
482 2123 651 2175 correximus
663 2138 713 2174 eos.
727 2123 877 2175 Dissotutio
887 2122 940 2175 trec
957 2139 1039 2189 quoru
1056 2124 1095 2175 eis
1107 2124 1254 2188 imponitis,
1265 2124 1295 2174 in
1308 2129 1400 2175 nostro
1414 2122 1518 2177 Ordine
1531 2138 1582 2177 uos

348 2223 447 2274 oceidit
458 2223 504 2273 eis.
519 2221 573 2285 Orsi
584 2222 727 2288 temporali
739 2228 859 2288 respectu
872 2222 911 2273 sel
927 2221 1037 2273 coruoli
1046 2222 1142 2287 affectu
1155 2221 1348 2284 sublimantur,
1359 2222 1429 2288 quid
1440 2225 1543 2275 mimus
1557 2224 1582 2276 si

347 2320 546 2384 infatuantur?
558 2317 672 2371 Cuidarn
684 2317 759 2370 tratri
769 2317 914 2386 trepidanti
924 2317 1041 2386 qualiter
1050 2317 1184 2386 perceptis
1193 2317 1432 2387 elcemosynarum
1443 2320 1581 2375 beneflciis

347 2416 427 2485 digno
444 2416 629 2485 responderet,
642 2416 710 2470 dixit
721 2422 799 2485 pater
810 2421 939 2470 sanctus:
953 2418 985 2470 Si
995 2420 1144 2471 orotionem
1157 2418 1328 2472 Dominicom
1339 2421 1420 2473 semel
1438 2423 1540 2475 intento
1556 2427 1580 2473 ct
1595 2418 1625 2467 bl

346 2519 436 2569 dormo
447 2517 527 2570 corde
535 2533 589 2584 pro
607 2516 821 2581 berresoctoribus
833 2517 971 2569 exorando
983 2516 1120 2581 dixeritis,
1132 2518 1299 2583 sufficienter
1310 2534 1366 2585 pro
1378 2519 1505 2573 omnibm
1520 2520 1580 2575 alte

346 2618 465 2681 mospuis
474 2616 644 2680 satisfacitis.
659 2615 831 2682 Temporatia
842 2631 957 2682 nomque
965 2616 1158 2682 spiritualibus
1170 2624 1303 2684 irequeunt
1316 2620 1485 2684 corisparori.
1495 2618 1583 2673 Fratri

346 2712 448 2782 petenti
460 2730 476 2766 a
488 2712 688 2781 procurationis
707 2711 814 2766 absolvi
826 2712 926 2776 otiicio,
944 2717 1021 2780 prater
1038 2712 1197 2781 respondit:
1212 2716 1336 2780 Quotnor
1352 2724 1416 2770 suut
1428 2733 1488 2785 pun
1499 2718 1583 2773 solent

345 2814 445 2879 officiis
462 2813 599 2866 adterere
614 2831 624 2865 .·
641 2813 740 2866 seilicet
761 2814 931 2879 ueplipeutia,
949 2814 1126 2880 impatientia,
1144 2813 1222 2866 labor
1238 2821 1262 2868 st
1280 2816 1415 2868 nieritrcns.
1434 2819 1460 2869 A
1478 2817 1588 2871 duobus

343 2914 445 2981 primis
457 2912 562 2965 absolro
573 2919 616 2976 te,·
628 2912 734 2980 reliquo
746 2928 797 2978 pro
806 2913 924 2978 peremis
934 2912 1065 2978 portabis.
1079 2911 1148 2964 Cum
1160 2910 1243 2965 veliet
1253 2912 1314 2980 pius
1325 2918 1420 2981 pastor
1429 2931 1513 2969 orem
1521 2930 1589 2985 que
1621 2912 1625 2928 “

345 3010 527 3079 apostatando
541 3015 688 3071 erraverat,
708 3010 742 3062 nd
755 3008 865 3063 Ordinis
876 3008 948 3063 ovile
966 3009 1104 3073 reducere,
1122 3008 1221 3063 accidit
1237 3014 1267 3063 ut
1284 3026 1356 3065 unus
1373 3014 1589 3069 contradiceret.

345 3108 395 3163 Cui
409 3108 557 3177 irrupister:
573 3110 636 3162 Etsi
647 3109 698 3175 liic,
711 3107 808 3177 inquit,
819 3110 905 3161 ciruitu
919 3110 990 3161 ritulo
1003 3110 1144 3172 commisit,
1153 3111 1252 3174 forsan
1263 3111 1375 3176 adjiciet
1386 3113 1479 3165 adbuc
1488 3114 1589 3180 duro.

346 3207 379 3261 Et
390 3224 453 3261 cum
472 3207 518 3261 itte
530 3223 560 3261 se
572 3224 628 3261 non
646 3223 741 3261 curare
759 3212 902 3268 assereret,
913 3206 982 3261 dixit
993 3207 1138 3274 magister:
1156 3206 1345 3274 contuimur,
1357 3213 1383 3263 si
1394 3227 1481 3264 unam
1499 3212 1591 3266 restro·

344 3310 490 3374 saripru‘uis
499 3315 602 3374 puttam
612 3308 793 3374 diffudissetis
801 3308 872 3359 sicut
879 3322 934 3373 pro
946 3308 997 3359 isto
1010 3306 1136 3359 Claristus
1145 3309 1303 3373 sorrpuinsrn
1312 3325 1394 3361 suuni
1404 3311 1492 3377 fudit,
1500 3312 1587 3365 aliter

344 3409 487 3461 curaretis.
500 3406 561 3459 btox
574 3405 620 3458 itte
628 3409 811 3473 compunctus
822 3404 849 3458 in
858 3409 959 3457 terram
970 3421 1000 3457 se
1012 3404 1166 3472 projiciens,
1180 3404 1287 3458 veniam
1298 3406 1385 3474 petiit,
1394 3413 1424 3462 et
1433 3413 1582 3467 consensit.
1597 3401 1625 3451 ³

345 3505 497 3560 Accusatus
516 3505 543 3559 in
560 3504 680 3573 capitulo
698 3505 783 3557 irater
799 3504 874 3573 quod
892 3505 1019 3572 tetigerat
1036 3519 1149 3581 manuni¹
1161 3503 1292 3570 mulieris,
1304 3506 1447 3575 respondit
1460 3528 1467 3563 ε
1479 3512 1579 3565 Mulier

344 3607 412 3659 οοοο
424 3607 487 3670 tuit.
499 3603 576 3657 Tunc
593 3604 639 3672 qui
657 3603 822 3673 presidebat
838 3602 907 3656 dixit
924 3623 931 3655 ε
950 3604 1048 3657 Pluvia
1065 3605 1135 3657 bouo
1145 3612 1170 3657 et
1185 3613 1261 3658 terra
1273 3606 1342 3659 bono
1350 3624 1361 3670 ,·
1372 3614 1464 3662 tanton
1480 3611 1574 3665 banni

343 3706 530 3759 commistione
541 3705 626 3756 trstrrm
639 3704 787 3769 coriticitur.
804 3704 836 3755 Si
848 3704 972 3756 »irritaris
983 3711 1007 3756 ct
1019 3706 1074 3755 ciri
1090 3720 1189 3757 osorius
1205 3704 1276 3757 bona
1291 3712 1364 3771 sterit,
1376 3723 1474 3761 eorum
1491 3717 1574 3763 tossen

343 3806 528 3869 conjicnctiouo
545 3805 664 3856 luxuria
679 3804 894 3870 coucupiscentia
909 3810 1065 3869 peroratur.
1075 3801 1162 3855 Fratri
1175 3802 1309 3871 quaerenti
1325 3804 1391 3873 quid
1404 3806 1572 3874 potissimum

344 3916 423 3955 orure
436 3901 604 3965 conveniret,
615 3907 727 3955 sanctus
740 3907 818 3969 pater
830 3901 971 3971 respondit
984 3921 990 3954 ε
1007 3903 1148 3969 Quidqriicl
1158 3903 1281 3954 animum
1292 3909 1370 3956 turim
1386 3906 1427 3958 ari
1443 3904 1613 3961 umente-tt

344 4016 399 4051 suns
418 4000 589 4064 devotionem,
606 4000 730 4066 affectum
750 4007 827 4052 tritam
846 4001 883 4053 ad
900 4016 1018 4052 atriorem
1036 4000 1089 4052 Dei
1104 4000 1243 4065 efficacius
1260 4000 1451 4069 irritamntobit,
1463 4005 1536 4059 ittet
1551 4007 1576 4058 in

343 4099 465 4148 oratione
475 4104 522 4148 tuo
538 4097 682 4149 utilissime
695 4097 855 4149 rmutnobis.
870 4095 952 4163 Apud
969 4093 1152 4157 Fredericurn,
1169 4094 1362 4149 Rornanorum
1374 4095 1579 4167 namnum,

343 4210 405 4248 curu
423 4194 470 4257 diu
481 4195 597 4248 sedisset
610 4194 709 4263 illeque
722 4194 767 4248 diu
782 4200 875 4249 tacens
887 4194 957 4248 nihil
971 4194 1140 4264 toqueretur,
1160 4193 1229 4247 dixit
1249 4193 1399 4264 magister:
1419 4198 1479 4252 Cur
1498 4218 1517 4253 o
1533 4218 1580 4267 sse,

342 4295 457 4357 aornim,
474 4295 546 4347 stibii
557 4297 700 4362 quaeritis?
711 4296 847 4361 lipoeuim
858 4312 911 4363 pro
922 4296 1012 4361 osticio
1024 4310 1080 4348 ineo
1092 4295 1192 4347 rutilias
1206 4297 1337 4362 percurri
1352 4298 1582 4363 provincius-Cui

343 4392 493 4461 imperator
510 4412 515 4446 :
537 4395 602 4461 Epo,
622 4394 718 4462 inquit,
733 4411 785 4461 per
803 4396 957 4448 ceredarios
973 4395 1109 4462 quidquid
1125 4395 1155 4446 iu
1172 4394 1234 4446 orbs
1249 4395 1360 4460 peritur
1375 4398 1442 4450 scio.
1463 4396 1539 4454 Dicit
1556 4402 1582 4457 ei
1597 4402 1625 4457 it

342 4492 472 4559 irrupister
488 4511 494 4545 :
511 4493 645 4545 Dorriiuus
663 4501 752 4546 troster
767 4495 851 4546 Jesus
871 4494 997 4547 cbristus
1014 4495 1106 4546 omnio
1124 4495 1197 4545 riocit
1213 4500 1354 4561 tamquam
1371 4494 1449 4549 Deus
1465 4515 1477 4549 .·
1492 4506 1583 4554 tum

343 4592 673 4658 iuterropuritdiscipulos
681 4608 753 4657 siros,
762 4593 854 4646 «licens
864 4611 874 4644 :
886 4596 897 4615 ⁸
911 4593 992 4658 Quem
1002 4592 1224 4645 dicuutbomines
1232 4607 1287 4644 esse
1296 4591 1404 4645 Filium
1412 4594 1560 4651 bominis?
1569 4642 1581 4661 ,

344 4690 419 4742 t'mtc
432 4708 476 4743 ros
487 4693 550 4743 ratis
561 4691 638 4743 boitro
655 4693 687 4743 dr
705 4708 757 4758 quo
776 4693 872 4743 «liecurt
888 4692 1008 4744 leontium
1026 4707 1084 4759 qus
1102 4692 1227 4755 nescitis,·
1242 4698 1406 4759 querutum
1424 4696 1501 4751 scire
1518 4702 1584 4753 utile
