3270 5400
192 372 286 424 areu.
304 369 386 423 aaa.
405 368 581 439 eausam.
601 391 647 401 —
667 367 817 423 aeneum·
836 334 981 423 nn'con.
1000 362 1037 421 u⁰
1053 369 1176 421 ssia-as.
1233 347 1306 421 259

64 564 230 630 paternitati
239 570 291 617 tun
298 566 313 616 t
321 561 452 617 Crederes
462 577 582 631 namque
593 577 676 631 super
685 559 875 631 pavimentum
885 559 912 613 ui
922 557 1044 612 maxima
1053 556 1148 627 pluere
1156 574 1212 627 pra
1221 557 1308 612 nimia

69 661 248 716 haumarum
261 661 448 716 inundatione.
461 663 532 727 Non,
543 659 680 730 inquiunt,
689 662 839 715 nostrised
848 666 960 728 patrum
971 667 1127 712 nostrorum
1140 660 1245 711 meritis
1256 660 1308 711 buc

70 763 161 815 oeuire
171 762 288 827 noluisti,
297 763 345 815 sed
355 762 451 815 diaina
462 763 599 815 credimus
610 764 752 815 actitatum
764 760 964 827 dispensatione
977 775 1030 826 pro
1042 760 1191 811 muitarum
1204 760 1308 811 anima·

69 878 134 915 rum
142 862 299 915 saluatione.
310 861 418 914 Scimus
427 862 525 929 quippe
535 867 559 913 et
567 862 676 914 omuino
684 862 806 927 fatemur
814 875 863 912 nos
873 859 999 924 indipnos
1008 860 1121 911 existere
1131 866 1179 911 tua
1185 859 1308 924 ptoriosa

31 967 48 1015 b
63 963 221 1030 prasentia,
238 962 306 1028 quia
322 961 433 1013 inutiles
450 961 574 1027 operarii
585 976 680 1012 sumus
691 965 715 1012 et
731 975 786 1012 non
805 967 913 1012 strenue
924 959 1053 1012 bactenus
1063 958 1261 1011 ambulavimus
1276 960 1307 1012 in

67 1063 121 1114 ciis
133 1060 248 1114 Domini
255 1060 344 1124 juata
361 1058 375 1088 ⁸
393 1060 581 1125 mapisterium
598 1065 675 1111 tuum
693 1065 717 1111 et
730 1059 928 1126 professionem
945 1064 1086 1123 nostram,·
1102 1059 1149 1110 sed
1166 1059 1308 1111 emendare

66 1160 246 1227 neptipentias
258 1165 368 1212 noaras
376 1159 500 1225 prompti
510 1173 613 1222 sumus,
625 1163 649 1211 et
659 1157 836 1224 flapeltistun
851 1173 901 1210 nos
911 1158 1087 1223 paternitatis
1103 1159 1176 1209 ultro
1193 1157 1307 1210 subster-

65 1259 179 1321 nimus,·
190 1258 305 1323 insuper
313 1262 338 1308 et
349 1256 424 1326 omni
434 1256 573 1308 severitate
584 1255 724 1319 reputaris
735 1268 854 1307 censura
860 1254 960 1321 parati
970 1270 1065 1306 suiuus
1078 1253 1170 1306 stibire
1181 1255 1308 1320 afflictio·

65 1373 137 1410 nens.
152 1356 270 1408 Tantum
280 1371 314 1408 ne
325 1355 449 1408 dimittas
457 1355 598 1408 clientulos
609 1361 677 1419 tuos,
687 1355 753 1421 quia
763 1360 877 1422 propter
888 1359 912 1406 te
922 1354 975 1406 buc
986 1354 1024 1406 ad
1040 1355 1147 1406 laudem
1159 1353 1264 1407 Christi
1274 1372 1308 1409 ec

12 1460 46 1511 to
64 1457 163 1509 multis
175 1454 329 1522 provinciis
346 1454 501 1521 conprepoti
517 1468 620 1506 sumus.
637 1451 757 1520 Suscipe,
774 1468 936 1521 quesumus,
953 1453 1084 1505 lacrimae
1095 1461 1204 1507 nostros
1216 1461 1240 1507 et
1251 1456 1309 1526 sin·

63 1555 162 1621 panas
172 1554 224 1606 tibi
234 1570 268 1606 ea
280 1555 375 1606 intimo
386 1554 511 1606 cordium
522 1559 678 1606 maurorum
696 1553 791 1618 rupitu
802 1553 933 1619 prolatos,
942 1558 966 1604 et
976 1567 1112 1605 camerone
1123 1554 1261 1607 nobiscum
1278 1556 1309 1608 in

64 1655 125 1708 loeo
137 1654 284 1723 inaquam
300 1653 406 1706 dudum
422 1653 533 1719 eiepisti.
545 1651 577 1706 Si
593 1659 683 1704 antem
694 1668 852 1705 excessuum
860 1657 1016 1705 nostrorum
1028 1654 1187 1706 enormitate
1202 1670 1309 1707 enarer·

65 1753 150 1808 onas
160 1768 270 1806 monere
280 1753 414 1817 renueris,
423 1758 516 1805 notum
527 1753 563 1804 sit
575 1752 632 1817 tibi,
639 1758 720 1818 pater
728 1753 834 1818 optime,
844 1752 919 1818 quio,
929 1767 1094 1819 quaecamque
1103 1754 1145 1804 ire
1153 1753 1309 1820 decreveris,

64 1854 254 1907 dmotissimos
270 1853 436 1905 conviatores
451 1851 567 1916 babebis,
580 1852 646 1918 quia
658 1867 742 1919 neque
752 1866 835 1917 mors,
848 1867 933 1917 nsque
950 1853 1006 1903 aito
1020 1858 1151 1918 poterunt
1168 1869 1218 1905 nos
1235 1869 1309 1921 sepa·

15 1953 48 2003 ib
66 1968 136 2006 rare
147 1953 289 2005 ecaritate
300 1957 357 2004 tuo.
371 1951 449 2016 Quod
459 1953 485 2003 si
497 1950 641 2004 Cassinum
651 1966 771 2003 renuare
780 1951 898 2015 etsperis,
907 1957 976 2002 certe
987 1951 1130 2004 irremotus
1142 1954 1250 2004 comites
1261 1969 1310 2006 nas

65 2052 203 2115 sortieris,
212 2057 244 2103 ut
254 2051 348 2102 saitem
359 2051 400 2103 sic
411 2065 561 2114 capnoscos,
573 2064 654 2117 quam
664 2049 733 2114 fidos
744 2049 843 2101 babeas
852 2049 979 2102 sarculos.
990 2048 1047 2102 Nos
1063 2050 1155 2117 itaque
1164 2052 1310 2103 securrdum

66 2151 225 2216 napisterii
240 2150 284 2202 tui
302 2149 478 2202 traditionem
498 2148 569 2200 nibil
587 2149 697 2201 murrina
715 2148 748 2200 de
766 2148 846 2200 rebus
861 2149 1040 2214 possidemus,
1057 2150 1104 2200 sed
1115 2148 1310 2214 sufficientiam

66 2250 192 2304 omnium
203 2250 335 2302 bonorum
345 2248 423 2300 nobis
439 2263 494 2301 esse
505 2264 648 2311 censemus,
667 2248 693 2300 si
705 2249 734 2300 iu
751 2254 799 2300 tua
806 2249 954 2314 prasentia
967 2250 1125 2301 conuersari
1141 2249 1311 2302 merebimur.

69 2348 149 2403 Certe
158 2349 306 2416 predones,
315 2349 439 2415 anamais
452 2347 569 2400 insolitis
577 2348 690 2416 plantis,
701 2348 862 2414 pereprinas
872 2363 926 2399 nou
936 2347 1092 2413 differimus
1099 2348 1200 2415 piapas
1209 2354 1312 2414 terere,-

16 2457 50 2509 ab
68 2464 127 2503 non
135 2464 185 2502 nos
194 2448 308 2515 Alpium
311 2449 384 2513 Jupa
396 2447 540 2513 terrebunt,
551 2463 607 2500 non
617 2447 744 2500 violentia
755 2453 949 2514 tempestatum,
957 2463 1012 2499 nan
1022 2448 1146 2513 pericula
1156 2448 1311 2514 fluminum,

68 2564 126 2603 scos
134 2547 242 2601 latebra
251 2548 400 2613 ferarum
411 2553 630 2615 aequeoreatusa
639 2547 735 2614 aliqua
745 2547 844 2613 poterit
856 2547 989 2612 impedire
1001 2562 1050 2599 nos
1058 2563 1075 2598 a
1087 2553 1181 2599 sancta
1193 2548 1312 2614 paterni·

70 2654 129 2703 tote
139 2654 197 2700 tua.

104 2742 156 2798 nis
180 2742 292 2796 tandem
315 2740 508 2796 miserabiliter
527 2741 669 2810 peroratis,
692 2741 794 2796 intrare
815 2741 936 2812 episcopi
959 2743 1089 2797 audacter
1110 2748 1257 2813 coeperunt,
1283 2749 1310 2798 et

70 2842 213 2912 ejicientes
221 2841 376 2895 monachos
384 2840 427 2894 sui
436 2840 522 2911 patris
531 2840 678 2910 discipulos
690 2840 859 2895 incluserunt
867 2858 897 2895 se
910 2842 985 2896 intus
997 2841 1153 2912 diligentius
1165 2860 1227 2896 cum
1241 2843 1310 2912 lega·

19 2951 53 3002 ts
69 2938 341 3005 tisGassinensihus,
352 2941 484 3009 quatinus
501 2939 572 3009 regis
587 2939 704 3007 iussioni
716 2940 914 2994 satisfacerent.
927 2941 1036 2995 Fratres
1053 2945 1147 2995 autem
1166 2941 1312 2996 vehemen-

69 3040 179 3096 tissimo
201 3038 379 3093 lacrimarum
406 3038 496 3094 imbre
521 3039 669 3093 madefacti
691 3039 867 3093 coutulerunt
887 3056 917 3093 se
938 3040 966 3093 in
986 3041 1186 3094 monasterium
1204 3056 1313 3109 semper

69 3138 189 3210 Virginis
200 3137 303 3200 liariae,
314 3137 343 3191 in
357 3154 412 3207 quo
421 3137 641 3192 deliberaverant
650 3137 695 3192 die
707 3137 806 3192 eodem
818 3137 1003 3193 sacratissima
1015 3138 1123 3208 lipsana
1138 3139 1312 3206 recollocare,

70 3239 202 3310 quatinus
213 3237 253 3292 ibi
264 3235 391 3306 suspensi
403 3235 627 3307 prestolarentur
635 3235 740 3291 exitum
749 3237 836 3292 sancti
846 3237 935 3291 Patris
944 3237 1093 3304 Benedicti,
1102 3239 1190 3308 parati
1200 3256 1312 3309 quoquo

71 3354 136 3393 curn
148 3336 198 3392 illo
208 3341 346 3391 terrarum
358 3335 406 3391 ire.
417 3335 544 3406 Episcopi
556 3351 622 3390 vero
634 3352 707 3402 cum,
719 3335 845 3390 aratione
858 3336 939 3403 iacta,
951 3353 1058 3391 sacram
1071 3341 1206 3392 temerare
1218 3354 1313 3393 ascen·

20 3444 54 3499 ³⁰
70 3437 171 3493 desem
189 3434 325 3500 tumbam,
341 3433 433 3489 subito
455 3450 560 3500 omnes,
578 3433 625 3503 qui
646 3434 674 3488 iu
695 3435 792 3489 eadem
811 3434 926 3489 ecclesia
943 3442 1137 3500 convenerant,
1155 3441 1232 3490 tanta
1248 3440 1314 3491 sunt

71 3534 198 3591 mauu
215 3533 334 3599 multati,
346 3537 377 3588 ut
393 3549 476 3588 nemo
488 3534 602 3587 tratrem
614 3550 696 3587 suurn
714 3533 807 3588 videre
818 3534 961 3604 quivisset.
973 3534 1041 3589 Cum
1060 3540 1153 3589 autem
1172 3535 1266 3589 divina
1282 3552 1313 3590 se

71 3633 180 3691 ultione
198 3633 353 3688 obsecutos
371 3632 606 3702 persentiscerent,
619 3637 760 3702 coeperunt
779 3632 916 3703 palpando
936 3650 985 3703 per
1002 3633 1144 3688 ecclesiam
1165 3634 1313 3689 errabundi

70 3748 196 3807 perpere,
207 3747 352 3802 quousque
364 3732 400 3786 ad
411 3736 497 3786 restes
515 3747 713 3802 campanarum
730 3731 916 3802 impegissent.
927 3732 1002 3800 Quas
1020 3749 1120 3803 magna
1132 3733 1159 3786 vi
1171 3733 1312 3787 trahentes

71 3830 473 3903 udansputssntes-neque
483 3831 557 3885 enim
566 3829 646 3885 aliter
654 3835 782 3901 poterant
791 3830 973 3886 intortunium
983 3832 1132 3887 imminens
1140 3833 1312 3887 innotescere

21 3941 56 3994 a
71 3933 319 4001 -processerunt
337 3929 436 3984 tratres
453 3930 488 3984 de
504 3929 674 3985 monasterio
691 3930 720 3984 iu
736 3930 879 4001 procinctu
896 3930 1025 4000 perpendi
1045 3931 1135 4000 positi,
1155 3931 1266 3986 Patrem
1284 3938 1313 3987 et

72 4030 228 4086 fflminum
249 4043 333 4084 suum
353 4027 508 4097 relinquere
531 4027 722 4082 incomitatum
744 4029 877 4082 nolentes.
897 4028 1030 4096 Quisnam
1052 4028 1089 4082 ibi
1110 4029 1169 4083 sine
1192 4029 1313 4085 lacrimis

73 4126 244 4184 stultiam
259 4126 338 4182 triste
355 4142 421 4181 vero
444 4125 630 4195 spectaculum
648 4142 679 4181 se
695 4126 802 4181 visuros
819 4125 994 4191 estimantes,
1011 4126 1067 4191 sed,
1085 4143 1213 4196 quaenam
1229 4143 1313 4182 causa

72 4224 222 4284 wdesiam
233 4224 383 4296 egressuris
393 4224 518 4279 mrdandi
525 4230 605 4289 esset,
615 4225 780 4295 ignorantes,
789 4225 949 4295 explorandi
958 4225 1047 4295 pratia
1055 4224 1167 4295 quidam
1178 4227 1212 4279 de
1224 4226 1318 4280 tratri.

72 4326 131 4383 bns
148 4325 328 4381 intramrant
349 4324 425 4393 Quos
444 4324 536 4394 pansis
557 4325 644 4379 oculis
667 4324 706 4379 nil
727 4341 839 4380 cernere
861 4325 1105 4394 deprehendentes,
1128 4325 1229 4395 egressi
1249 4331 1315 4380 sunt

19 4432 55 4489 t·
71 4424 199 4482 dicentes
209 4424 276 4495 qnia
285 4431 396 4479 sannas
412 4425 495 4479 Pater
506 4425 645 4479 maiedioit
654 4441 703 4479 nos
715 4432 739 4478 et
749 4427 865 4492 suscepit
877 4427 1009 4478 lacrimas
1026 4432 1143 4478 nostras.
1154 4426 1225 4478 Nam
1238 4428 1312 4480 inna-

71 4540 152 4582 stme
161 4525 215 4578 loci
224 4525 271 4578 sui
278 4524 369 4578 subita
384 4524 498 4579 amiate
511 4526 653 4592 percussit,
665 4541 712 4578 uec
724 4525 859 4590 injuriam
872 4540 951 4577 suam
961 4525 1077 4577 intritam
1093 4525 1170 4577 abire
1178 4527 1313 4592 permisit.

74 4624 174 4681 Vesus
189 4630 213 4678 et
223 4624 309 4678 sidem
325 4639 408 4691 opera
424 4622 545 4678 Domini.
561 4621 670 4677 Fratres
682 4621 792 4676 interim
804 4623 862 4676 Deo
873 4621 969 4678 laudes
985 4627 1012 4677 et
1023 4628 1114 4692 pates
1126 4623 1313 4692 persolventes

69 4720 192 4797 marui
207 4721 485 4779 suntmonesterium
503 4722 705 4778 etinvenerunt
722 4720 865 4792 episcopos
887 4722 899 4748 ⁴
920 4722 967 4777 Vae
987 4764 999 4790 ,
1021 4721 1173 4778 clamantes
1190 4722 1314 4794 nihilque
