3270 5400
318 332 387 403 11⁶.)
651 351 778 404 aaran.
803 351 908 404 conn.
934 350 1210 403 naoroanamnc.

317 540 424 595 t'tilitas
443 558 508 595 vero
520 541 700 595 consessionis
719 544 777 596 lraec
796 548 854 596 est:
866 542 939 611 quia.
952 542 974 595 si
990 542 1171 596 confiteamur
1182 547 1294 611 peccata
1305 548 1410 603 nostra,
1422 542 1513 595 tidelis
1525 547 1555 597 et

312 642 403 709 justus
414 646 457 695 est
465 642 546 704 lteus,
559 646 588 694 ut
598 641 720 695 terriittat
731 642 811 695 nobis
822 646 933 711 peccata
943 647 1036 695 nostra
1045 647 1073 695 et
1082 641 1197 695 mundet
1205 640 1300 694 nosab
1309 640 1387 695 omui
1396 640 1554 708 iniquitate.

314 740 403 793 (lausa
415 757 526 809 quoque
539 740 720 793 confessionis
731 741 789 793 sire
801 740 966 809 paenitentiae
978 740 1076 794 exinde
1088 739 1241 794 necessaria
1250 745 1300 797 est.
1311 740 1388 809 quod
1399 740 1553 795 adversarii

314 841 399 894 nostri
412 842 512 894 delicte
532 846 626 894 nostra
644 857 707 908 quie
724 856 780 893 non
799 840 900 893 tuerint
919 839 1092 893 consessione
1104 839 1198 895 diluta.
1215 838 1376 908 colligentes
1388 846 1554 907 congerunt,

313 942 518 1009 scribentesque
530 958 563 993 ca
582 956 670 1007 usque
688 939 723 992 ad
737 940 810 992 diem
823 939 944 992 hominis
954 944 1108 992 extremum
1125 938 1264 993 thesauris
1274 939 1331 992 suis
1342 939 1508 1000 recondunt.
1520 946 1554 994 ut
1569 946 1586 995 b

314 1040 378 1093 hinc
389 1040 451 1093 inde
461 1039 616 1092 alternatim
631 1038 760 1091 adextris
770 1044 797 1090 et
809 1037 953 1091 asinistris
961 1037 1123 1106 exponendo
1132 1039 1323 1092 condemnent.
1331 1038 1473 1107 Scriptura
1481 1054 1552 1093 sero

313 1138 420 1193 illorum
439 1144 467 1191 ct
479 1138 633 1197 thesaurus,
649 1136 848 1191 indissolubilis
859 1142 900 1189 est
912 1153 1008 1189 eorum
1021 1136 1163 1197 memoria,
1179 1154 1235 1205 qua
1254 1142 1410 1205 perpetrata
1429 1153 1446 1191 a
1463 1137 1550 1191 nobis

312 1244 423 1309 peccata
437 1236 561 1291 olilirisci
571 1252 627 1289 nan
638 1240 761 1303 possunt.
771 1236 804 1289 t't
818 1251 883 1288 uero
892 1251 925 1288 er
937 1233 1135 1289 catholicorum
1146 1235 1289 1288 doctorum
1301 1235 1451 1289 traditione
1457 1254 1552 1289 susce-

313 1338 411 1407 pimus,
422 1335 547 1405 geminos
557 1334 676 1403 angelos,
687 1334 755 1387 lucis
767 1340 795 1387 et
805 1334 989 1387 tenebrarum.
998 1334 1045 1401 crui
1054 1333 1127 1387 circa
1138 1349 1190 1386 nos
1202 1333 1348 1401 utrobique
1357 1334 1553 1395 obversentur,

313 1436 468 1489 habemus:
487 1451 572 1488 unum
584 1435 619 1487 acl
632 1432 853 1491 confortandum.
871 1432 986 1485 alterum
1000 1432 1035 1486 ad
1053 1432 1229 1494 tentandum
1247 1448 1331 1485 unum
1345 1433 1380 1486 ad
1392 1434 1554 1488 custodien·
1571 1438 1605 1489 to

313 1535 388 1589 dum.
401 1534 518 1588 alterum
529 1534 563 1586 ad
576 1533 772 1586 seducendum.
782 1533 884 1585 Dexter
893 1532 964 1585 enim
975 1548 1084 1599 semper
1095 1530 1259 1584 adhortatur
1268 1547 1320 1585 nos
1328 1538 1357 1585 et
1365 1532 1552 1587 confortatud

313 1634 432 1693 bonum:
453 1637 481 1686 et
492 1633 667 1686 munimento
679 1636 721 1684 est
732 1636 827 1685 contra
845 1630 958 1684 insidias
969 1636 997 1683 et
1009 1631 1148 1683 incursum
1165 1629 1285 1698 maligni.
1297 1630 1437 1699 Tempore
1454 1636 1551 1685 autem

312 1733 420 1801 saporis
432 1731 518 1785 nostri
531 1736 646 1798 uterque
662 1746 727 1783 suos
739 1729 891 1797 coaequales
904 1729 1034 1787 revisunt,
1046 1734 1073 1782 et
1084 1746 1146 1797 quie
1158 1746 1175 1781 a
1187 1729 1267 1795 nobis
1278 1730 1392 1783 actitata
1409 1730 1465 1783 sint
1485 1730 1553 1800 ipsis

313 1831 442 1885 reierunt.
461 1830 539 1883 lTnde
557 1830 637 1882 nobis
650 1827 883 1897 pemecessarium
897 1832 939 1881 est
951 1832 982 1880 ut
1000 1826 1028 1880 in
1040 1828 1169 1880 omnihus
1181 1828 1310 1897 operibus
1321 1828 1425 1881 nostris
1436 1830 1512 1883 cauti
1524 1836 1553 1884 et

313 1927 502 1997 circumspecti
523 1927 617 1989 simus,
638 1933 666 1980 ct
689 1927 754 1979 dum
775 1926 971 1979 ostenderimus
991 1925 1072 1979 celeri
1092 1926 1278 1979 satisfactione
1296 1926 1323 1979 in
1345 1925 1552 1981 meliuscrrata
1572 1932 1604 1979 ta

314 2033 406 2081 nostra
417 2027 604 2081 emendemus.
612 2031 640 2079 ut
654 2026 727 2095 quod
738 2026 809 2094 apud
823 2026 931 2078 hostem
942 2030 1066 2078 nostrum
1076 2024 1255 2078 indissolubili
1265 2025 1407 2079 memoria
1416 2027 1445 2080 in
1454 2028 1552 2081 coniu-

313 2127 419 2180 sionem
433 2126 519 2179 nostri
532 2131 662 2179 :eternam
673 2125 863 2187 committitur,
872 2124 983 2177 salutari
1001 2124 1121 2178 remedio
1133 2124 1274 2192 condignae
1284 2124 1451 2193 poenitentiae
1462 2126 1552 2181 dilua-

312 2229 365 2278 tur.
386 2224 436 2277 nui
449 2222 487 2276 rei
501 2222 609 2275 ridetur
626 2221 752 2275 attestari
770 2221 845 2288 quod
866 2222 944 2274 aiunt
965 2220 1037 2273 serui
1057 2220 1141 2274 Saul:
1158 2222 1225 2274 Ecce
1242 2224 1363 2287 exopitat
1382 2231 1408 2275 te
1430 2226 1552 2291 spiritns

315 2325 428 2377 Deretini
438 2325 535 2375 uiritim.
545 2322 597 2375 Sed
607 2322 629 2373 si
640 2320 759 2381 ltomini,
771 2338 820 2374 cur
832 2318 942 2373 malus?
954 2319 1089 2382 Simulus,
1101 2334 1149 2372 cur
1158 2318 1289 2373 Domini?
1304 2320 1358 2374 Sed
1376 2322 1490 2377 noveris
1502 2324 1551 2379 Dei

314 2428 477 2494 potestatem
490 2439 598 2491 semper
611 2439 671 2475 esse
685 2422 799 2489 justam;
814 2421 925 2489 maligni
937 2426 1029 2474 autem
1044 2421 1131 2474 hostis
1146 2436 1256 2489 semper
1272 2421 1421 2488 injustam;
1439 2430 1552 2495 propter
1568 2424 1601 2475 bb

314 2521 591 2577 amministrationem
610 2526 703 2573 autem
721 2520 807 2588 ipsius
824 2520 857 2573 ad
876 2520 1059 2587 expletionem
1078 2518 1226 2572 voluntatis
1243 2520 1301 2579 Dei,
1319 2521 1390 2575 bene
1411 2523 1501 2577 utitur
1517 2541 1551 2579 eo

315 2622 395 2683 Deus,
407 2636 479 2674 nunc
497 2620 531 2672 ml
550 2618 757 2673 clarrmationem
776 2616 1049 2689 reproborumnunc
1062 2616 1096 2669 ad
1108 2616 1331 2671 exercitationem
1351 2618 1395 2673 rel
1413 2620 1551 2689 probatio·

316 2736 377 2774 nem
391 2720 536 2773 bonorum.

359 2817 414 2875 17.
432 2818 481 2871 llis
492 2822 520 2869 et
533 2814 691 2881 hujusmodi
704 2814 827 2882 pluribus
846 2813 880 2866 ab
894 2830 927 2865 co
942 2810 1189 2869 dictis,secundum
1203 2814 1322 2867 sormam
1335 2830 1434 2868 sensus
1445 2815 1551 2885 aliquo·

315 2918 398 2971 morlo
421 2912 535 2969 anobis
555 2909 697 2979 expressis,
715 2908 858 2962 subintulit
882 2927 888 2961 :
914 2909 977 2973 Qua
999 2908 1115 2961 Domina
1140 2916 1321 2965 mensuum
1341 2910 1395 2962 Dei
1413 2912 1552 2973 Genitrix,
1566 2916 1596 2967 u

316 3018 455 3076 indiderit,
464 3014 566 3081 perricio.
578 3011 799 3076 Quotiescumque
810 3010 850 3059 uit
862 3009 899 3059 acl
909 3008 1074 3060 Doniiunm:
1087 3008 1222 3061 ‘Doricine
1232 3009 1281 3073 fili,
1294 3010 1408 3063 istetuie
1417 3010 1552 3078 obseqmis

317 3118 412 3167 iulium
424 3114 559 3166 deuotione
572 3113 680 3162 inuans
692 3115 742 3160 tua
755 3108 904 3171 nrojestotis
924 3108 1110 3159 reminiscitur
1118 3126 1129 3169 ;
1140 3108 1172 3159 ob
1183 3110 1226 3159 tui
1242 3109 1362 3174 qratiam
1381 3111 1435 3161 mei
1451 3126 1551 3177 nepue-

316 3229 396 3279 puam
404 3211 571 3263 obliciacitur
581 3225 612 3269 ,·,
627 3206 760 3257 Dominus
772 3211 859 3255 eructem
872 3204 910 3255 ad
921 3206 1009 3269 ipsam
1020 3222 1029 3256 :
1042 3203 1053 3227 ¹
1065 3205 1192 3269 Domina,
1205 3206 1301 3272 iuquit,
1317 3212 1412 3272 creater,
1421 3209 1550 3275 quioniam

316 3312 432 3379 quidem,
453 3317 482 3361 ut
500 3308 617 3370 testaris,
640 3307 688 3356 iste
706 3306 743 3355 act
769 3304 960 3375 beneplacitum
984 3310 1060 3355 turmi
1081 3305 1131 3356 tibi
1151 3305 1336 3372 obtemperans
1355 3307 1466 3360 deeotru
1484 3308 1551 3361 odeo

315 3412 410 3467 extitit,
424 3411 513 3475 ipsum
525 3413 576 3458 tua
587 3419 705 3456 revisura
716 3402 842 3454 attribuo.
857 3442 870 3465 „
884 3402 947 3466 Qus
958 3403 995 3453 ad
1005 3418 1046 3454 nie
1054 3418 1180 3455 conuersa
1189 3405 1229 3456 eie
1238 3405 1293 3455 ait:
1303 3403 1314 3427 ⁸
1326 3404 1385 3457 troc
1393 3404 1491 3457 triduo
1498 3420 1551 3471 pro
1564 3410 1594 3463 tt

316 3526 424 3561 excessu
437 3506 618 3559 inobedientia
629 3503 809 3554 bellicandum
822 3501 872 3552 tibi
884 3508 1005 3567 aceperest
1017 3502 1054 3553 ad
1070 3503 1413 3570 seminariumque
1426 3506 1489 3571 ipsa
1501 3504 1551 3565 die,

316 3625 370 3676 pua
393 3605 589 3659 solemnizabat
606 3603 779 3670 festivitatem
797 3601 993 3667 crsaruuptiouis
1006 3617 1066 3654 mee
1083 3602 1115 3653 de
1134 3602 1182 3655 troc
1201 3602 1302 3654 oriundo
1317 3608 1343 3654 te
1362 3619 1549 3665 aestimamc,

316 3707 435 3759 videlicet
444 3705 602 3772 prorirnuni
612 3702 713 3767 feriam
727 3702 848 3767 pertritum
863 3701 892 3751 in
902 3716 957 3766 prta
970 3699 1094 3753 obiturus
1103 3716 1193 3764 essem,
1202 3702 1354 3767 desipueris.
1365 3701 1427 3754 Hoc
1436 3702 1551 3771 denique

316 3806 376 3871 ipsa
389 3809 533 3864 aeaererat,
545 3802 593 3853 linc
604 3800 766 3853 exhibitione
783 3798 888 3865 probat,
906 3800 978 3865 orroei
997 3801 1088 3851 omma
1106 3816 1163 3867 pue
1180 3801 1209 3851 in
1226 3800 1277 3852 bac
1293 3801 1349 3852 rita
1365 3800 1417 3853 sub
1433 3802 1551 3855 rationis

315 3904 503 3957 coristitutione
526 3900 579 3951 sibi
601 3900 688 3951 deroti
711 3899 915 3964 pmfeeerimue,
931 3899 1015 3963 justa
1043 3900 1253 3951 examinationis
1275 3902 1495 3953 remuneratione
1522 3902 1549 3951 in
1564 3906 1593 3957 tt

315 4003 463 4055 calentibus
472 4006 628 4068 pomum.
639 3997 684 4049 Ibi
693 3996 1020 4063 petoquepropenaabntur
1030 3998 1101 4063 quod
1113 3998 1202 4049 curinio
1213 3998 1289 4049 sacri
1295 3997 1347 4049 olei
1350 4014 1404 4065 per
1410 3998 1549 4051 dominun

317 4100 491 4152 Iaauibertmn
504 4098 666 4149 sacerdotem
680 4104 703 4148 ct
714 4112 814 4162 pirenos
834 4103 940 4148 »costros
952 4097 1021 4147 niilri
1032 4097 1152 4162 lepitima
1163 4111 1196 4147 ac
1205 4096 1311 4147 sincera
1322 4095 1411 4160 suerit
1422 4098 1550 4161 exhibita,

317 4203 340 4248 et
354 4198 412 4247 ideo
421 4197 566 4260 fructuosa
576 4201 599 4245 ct
617 4195 759 4259 effectuosa
777 4193 814 4244 od
825 4193 970 4245 diluendos
982 4193 1074 4245 sordes
1087 4193 1233 4243 criminmu
1246 4193 1282 4244 sit
1290 4192 1409 4246 addicta.
1421 4193 1549 4248 mimum

317 4297 396 4347 etiam
407 4295 559 4347 Julianuem
573 4294 733 4360 apostolum,
743 4308 820 4359 quem
832 4293 1018 4344 intermissum
1031 4294 1058 4343 iu
1071 4292 1293 4357 pronuntiatione.
1305 4292 1419 4357 letarun,
1427 4295 1549 4361 qrcomeie

311 4394 374 4457 jum
393 4400 457 4443 tuuc
471 4399 570 4447 mutue,
582 4392 722 4453 reiruluci,
740 4392 780 4442 ibi
791 4392 933 4455 recopuiri,
946 4392 1105 4456 pratiueque
1122 4406 1176 4442 nou
1188 4390 1309 4442 modicus
1321 4391 1420 4444 exinde
1434 4394 1548 4461 percepi.
1563 4396 1629 4451 iu

157 4494 227 4547 *sia
319 4494 374 4557 Qui
392 4497 419 4543 ut
435 4492 543 4543 deuotus
554 4490 642 4543 sicut*
655 4491 785 4555 berrppms
795 4497 818 4542 ct
827 4490 969 4551 bruti-olus,
982 4488 1136 4555 cippaudcns
1145 4489 1279 4555 pmrritati
1288 4505 1357 4554 nien,
1366 4490 1456 4544 aiebat
1467 4492 1535 4545 milri
1541 4510 1548 4545 ε

320 4592 331 4615 “
347 4590 460 4643 Soteris
472 4606 512 4640 me
523 4606 581 4641 cum
596 4590 744 4656 cauponato
756 4605 813 4641 nico
830 4596 853 4641 et
871 4589 945 4641 dirici
960 4604 1089 4653 peremne
1104 4588 1205 4641 Jacobs
1216 4589 1244 4640 in
1256 4588 1305 4640 boc
1321 4590 1379 4641 loeo
1395 4590 1460 4643 reite
1469 4594 1548 4645 totius

318 4690 532 4741 corrrmunitatem
544 4690 698 4741 rererentin
709 4695 732 4740 et
744 4689 830 4741 ‹leroti
841 4688 947 4739 seruitii
956 4688 983 4739 in
993 4686 1158 4740 Salvatorem
1168 4693 1288 4741 rtonmuu
1300 4702 1373 4755 equae
1381 4690 1548 4755 promereri,
