3270 5400
362 341 455 392 aren.
474 339 556 393 aaa.
576 340 749 392 arturum.
769 361 815 370 -
834 339 913 391 con.
932 331 971 390 rr⁰
988 337 1132 391 area-ooo.
1293 318 1362 390 341

229 533 266 605 9⁰
290 531 422 605 Passio
437 532 474 605 S.
492 531 641 605 Paulini
655 531 892 605 Treverensis
911 530 1176 624 archiepiscopi
1190 531 1268 624 (fol.
1289 532 1364 604 76*-

163 649 368 846 &moggo
381 777 409 830 ru
423 779 481 830 Aa.
500 776 1144 846 SS,add.31Aug.‚t01n.vl‚p.675,num.38.

232 879 293 950 100
319 877 532 951 Translatio
550 878 717 971 ejusdem
735 878 810 974 (sol.
828 879 994 970 79l-80l).

164 1006 243 1060 Edita
254 1007 328 1071 ibid,
340 1025 384 1077 pp.
393 1008 451 1073 678,
460 1008 518 1072 679,
530 1024 606 1061 nuru.
619 1008 704 1062 13-93.
717 1007 770 1061 Pro
780 1008 865 1062 altera
877 1013 954 1078 parte
966 1025 1041 1062 num.
1054 1009 1085 1062 16
1100 1010 1288 1073 (Errat-terra
1297 1012 1366 1064 inec·

129 1108 185 1170 dit)
197 1104 234 1159 ita
252 1107 333 1160 cod:

196 1204 319 1273 Recepto
337 1205 419 1274 igitur
435 1206 564 1275 pontifice
581 1206 700 1275 glorioso
719 1209 872 1275 eodemque
890 1212 1009 1275 martyre
1030 1207 1150 1276 pretioso
1169 1223 1232 1261 curn
1250 1206 1367 1261 solemni

229 1311 256 1359 et
267 1305 366 1358 festivo
380 1307 464 1359 totius
473 1306 549 1359 urbis
562 1305 689 1375 tripudio,
699 1322 754 1359 non
763 1306 878 1359 minime
887 1312 988 1359 sancta
1000 1306 1182 1360 officiositatis
1193 1307 1229 1360 ab
1239 1307 1366 1361 omnibus

229 1404 482 1472 invigilaturstudio
489 1406 523 1458 de
531 1405 694 1473 requirendo
704 1405 830 1459 videlicet
837 1405 1002 1474 competenti
1009 1405 1331 1470 etidoneo,convenienti
1339 1410 1366 1459 et

229 1503 311 1572 digno
321 1508 377 1556 tam
388 1511 489 1557 sanctae
498 1504 664 1572 depositioni
673 1504 777 1558 locello.
787 1504 852 1558 Post
862 1504 1019 1557 diuturnam
1030 1510 1121 1558 autem
1133 1504 1216 1573 hujus
1224 1504 1367 1558 discussio·

228 1602 270 1655 nis
279 1602 516 1664 deliberationem,
525 1603 584 1656 haec
593 1603 679 1656 sancti
690 1602 787 1657 Felicis
796 1603 1069 1657 sententiaomnibus
1081 1603 1140 1656 risa
1149 1607 1191 1656 est
1200 1603 1367 1656 conveniens

229 1706 256 1754 et
264 1702 355 1770 digna,
369 1706 398 1755 ut
407 1701 435 1754 in
446 1701 558 1755 basilica
567 1703 602 1755 ab
612 1702 671 1770 ipso
681 1702 770 1755 Felice
781 1702 808 1755 in
820 1702 926 1755 honore
936 1707 1037 1754 sanctae
1046 1702 1095 1755 Dei
1105 1701 1251 1771 genitricis,
1258 1717 1367 1755 necnon

229 1806 256 1853 et
268 1800 366 1854 occisae
378 1800 416 1853 ibi
428 1817 445 1854 a
455 1800 614 1854 Riclioraro
627 1800 784 1854 Maximiani
794 1801 964 1868 imperatoris
974 1801 1103 1868 praesecto
1113 1800 1232 1853 Thebeae
1244 1799 1367 1868 legionis,

231 1904 388 1952 constructa
404 1905 431 1953 et
443 1900 593 1953 admodum
611 1900 748 1967 praeclara,
759 1900 838 1967 juxta
850 1900 954 1968 proleru
968 1899 1148 1953 clarissimam
1167 1899 1366 1952 Treverensem

230 2003 256 2051 et
274 1998 414 2067 inclytam,
432 1997 478 2051 ubi
500 1999 641 2051 dormiunt
659 2015 775 2066 corpora
793 1999 997 2067 peregrinorum
1016 1998 1142 2066 plurima,
1156 1998 1238 2064 hujus
1255 2011 1366 2065 quoque

230 2095 317 2148 sancti
334 2094 462 2163 martyris
480 2100 508 2148 et
525 2096 645 2164 episcopi
664 2096 771 2164 glebam
791 2096 825 2149 de
846 2095 1064 2163 peregrinatione
1085 2111 1169 2162 quam
1190 2111 1240 2162 pro
1258 2093 1366 2148 Christo

232 2198 389 2262 susceperat
398 2195 519 2258 reducta,
527 2194 597 2248 sicut
609 2212 671 2261 curn
682 2195 851 2249 aromatibus
859 2195 951 2259 mirra,
959 2201 1062 2262 quanto
1075 2195 1283 2248 convenientius
1291 2197 1368 2247 tanto

230 2291 456 2344 honorificentius
469 2292 657 2346 collocaretur.
669 2292 736 2359 Quae
754 2294 790 2346 sit
808 2298 901 2346 autem
919 2292 1009 2361 proles
1027 2293 1179 2362 clarissima
1191 2291 1368 2346 Treverensis

231 2396 257 2443 et
269 2389 380 2459 inclyta,
389 2407 486 2459 quaeve
496 2392 701 2460 peregrinorum
714 2407 829 2460 corpora
838 2408 898 2460 quae
911 2392 984 2445 cirea
1001 2408 1065 2445 eum
1075 2392 1168 2460 jacent
1178 2390 1303 2460 plurima,
1315 2407 1367 2445 nec

232 2486 290 2540 haec
302 2486 386 2540 modo
399 2488 509 2556 expedit
521 2490 628 2557 pagina,
638 2489 685 2542 sed
696 2488 762 2541 alias
772 2488 825 2541 alia
834 2488 975 2557 scripturae
987 2505 1071 2541 sacrae
1085 2488 1235 2557 loquuntur
1246 2487 1367 2542 testimo·

231 2585 283 2639 uia.
296 2586 475 2639 Exstruentes
489 2587 568 2655 igitur
582 2587 620 2640 ibi
628 2592 751 2655 cryptam
765 2587 872 2640 ossibus
882 2588 940 2653 ejus
950 2587 1015 2640 satis
1025 2586 1155 2649 habilem,
1165 2587 1366 2655 sarcophagum

232 2685 290 2753 ejus
302 2685 330 2738 in
345 2686 437 2739 medio
453 2691 553 2755 cryptae
571 2703 634 2739 cunr
653 2685 748 2739 ferreis
766 2686 870 2739 catenis
888 2703 916 2739 ru
935 2686 996 2740 idus
1014 2685 1080 2739 maii
1091 2686 1243 2739 honorifice
1256 2701 1367 2754 suspen·

232 2784 338 2838 derunt.
348 2784 428 2850 Quod
444 2785 482 2838 ita
494 2785 616 2852 pendens
628 2800 714 2853 usque
727 2785 761 2838 ad
775 2789 900 2852 tempora
915 2783 1171 2839 Northmannorum
1180 2783 1283 2837 mansit
1294 2788 1321 2836 et
1332 2783 1368 2836 ab

232 2884 298 2952 ipsis
310 2884 403 2938 fractis
416 2884 518 2938 catenis
531 2884 731 2952 sarcophagum
750 2889 828 2937 lerrae
840 2900 896 2937 non
912 2883 993 2937 altius
1010 2885 1125 2947 insedit;
1146 2884 1196 2937 scd
1215 2898 1248 2937 ex
1267 2882 1368 2936 virtute

232 2982 327 3037 divina
337 2999 385 3052 per
397 2983 453 3036 vim
472 2982 639 3036 invisibilem
651 2987 752 3035 sanctae
764 2982 904 3050 gravitatis
921 2983 1123 3050 sarcophagum
1140 2982 1198 3036 solo
1217 2983 1279 3051 puri
1296 2980 1367 3034 aeris

234 3082 366 3151 obsequio
378 3083 526 3152 permulta
543 3098 679 3135 annorum
696 3082 831 3135 curricula
848 3083 1044 3146 sustinebatur,
1063 3083 1150 3135 donec
1168 3082 1288 3145 tandem,
1305 3097 1368 3150 pec·

233 3181 301 3235 catis
322 3181 487 3251 populorum
511 3181 690 3249 exigentibus,
713 3198 731 3233 a
756 3181 920 3249 quibusdam
947 3185 1031 3234 tantae
1058 3180 1209 3234 divinitatis
1237 3179 1367 3250 potentiae

233 3280 428 3345 diffidentibus,
441 3280 551 3348 pollutis
565 3296 598 3333 ex
613 3280 780 3333 couscientia
792 3280 911 3349 pertidia
924 3297 980 3333 suae
999 3279 1127 3333 manibus
1139 3280 1298 3348 depressum
1311 3294 1368 3332 non

233 3380 339 3449 absque
356 3380 477 3433 vindicta
495 3380 544 3433 Dei
561 3396 626 3433 mor
645 3380 673 3433 in
693 3380 754 3434 illos
774 3387 891 3444 ostensa,
911 3381 981 3448 proh
1002 3379 1092 3433 dolor!
1113 3379 1244 3433 subsedit.
1264 3378 1368 3432 Omnes

233 3479 307 3533 eninr
328 3479 374 3548 qui
395 3479 459 3532 huic
480 3479 647 3532 infidelitatis
669 3480 744 3548 operi
766 3479 954 3543 interfuerunt,
971 3479 1069 3549 singuli
1087 3478 1207 3546 singulas
1224 3477 1367 3531 infirmita-

233 3584 292 3632 tum
311 3578 403 3647 plagas
414 3583 603 3647 susceperunt;
622 3595 691 3647 quas
709 3595 796 3647 usque
813 3579 847 3631 ad
866 3578 948 3631 finem
968 3579 1030 3632 vitre
1042 3594 1098 3630 suae
1115 3577 1298 3644 pertulerunt;
1318 3578 1367 3632 sed

233 3678 350 3731 fortasse
369 3678 448 3731 initia
468 3678 595 3732 dolorum
612 3679 679 3731 haec.
692 3678 858 3731 Timendum
872 3683 913 3730 est
934 3677 1007 3730 enirn
1029 3677 1062 3730 de
1080 3676 1133 3729 illis
1153 3693 1187 3729 ne
1205 3693 1254 3744 pro
1266 3675 1368 3729 illicitis

233 3774 400 3829 infidelitatis
415 3791 472 3828 sua
483 3775 597 3829 ausibus
608 3775 716 3829 aeternis
728 3775 860 3843 gehenne
873 3779 1029 3827 crementur
1039 3773 1154 3842 ignibus.
1168 3772 1236 3826 Nam
1249 3779 1277 3826 et
1288 3772 1367 3826 lumi·

233 3874 311 3928 naria
326 3874 419 3928 omnia
439 3874 541 3943 quaein
553 3874 722 3928 monasterio
735 3878 783 3926 aut
800 3874 828 3926 in
851 3872 1012 3927 dormitorio
1031 3874 1126 3926 eadem
1145 3872 1215 3926 hora
1235 3872 1368 3925 ardebant

233 3975 317 4043 hujus
336 3974 506 4042 sarcophagi,
530 3974 596 4042 quin
617 3975 713 4038 immo,
733 3972 805 4027 sicut
821 3974 971 4041 imperator
991 3972 1050 4025 baec
1072 3972 1187 4025 audiens
1207 3971 1366 4035 testabatur,

233 4072 319 4128 totius
335 4074 412 4142 regni
428 4089 523 4127 casum
541 4073 583 4126 sui
596 4072 777 4127 exstinctione
795 4071 1000 4140 quodammodo
1017 4071 1169 4124 merebant.
1181 4071 1287 4125 Nebula
1298 4086 1367 4139 quo·

233 4189 288 4241 que
300 4178 356 4226 tam
370 4172 457 4226 nimia
476 4173 675 4226 monasterium
688 4176 776 4225 toturn
795 4171 892 4224 eadem
909 4170 979 4224 hora
991 4170 1113 4239 replebat
1124 4171 1197 4239 quod
1215 4170 1254 4223 illi
1265 4169 1366 4235 miseri,

233 4288 349 4340 corpore
361 4272 432 4325 sicut
443 4277 471 4325 et
482 4278 575 4325 mente
588 4270 755 4335 obumbrati,
773 4271 825 4322 hac
843 4275 871 4322 et
886 4269 947 4322 illac
964 4286 1042 4323 more
1060 4285 1194 4323 caecorum
1207 4269 1366 4338 palpitando

235 4371 281 4424 vix
294 4358 421 4424 exierunt
431 4371 465 4424 de
477 4371 654 4424 monasterio.

237 4476 299 4546 110
324 4471 410 4545 Vita
427 4472 526 4545 beati
542 4471 649 4545 Pauli
666 4471 857 4545 heremitae
870 4471 967 4543 edita
985 4492 1008 4543 a
1029 4471 1138 4543 beato
1155 4470 1367 4544 lheronimo

282 4589 498 4682 presbytero
513 4589 590 4680 (fol.
610 4589 775 4681 aas-Sa).

165 4720 249 4775 Edita
259 4719 289 4773 in
303 4721 361 4773 Act.
374 4719 430 4785 SS,
442 4719 477 4772 ad
495 4719 520 4772 d.
534 4720 566 4772 10
575 4718 643 4773 dan..
656 4724 721 4772 tom.
734 4718 753 4780 1,
765 4735 790 4787 p.
802 4715 920 4771 601607.
