3270 5400
459 277 552 359 amu.
572 307 652 360 aaa.
672 308 845 360 sauram.
865 330 913 341 -
931 310 1011 362 con.
1029 301 1067 362 ιιο
1085 307 1208 363 ussa-is.
1381 290 1452 364 385

222 498 286 561 115,
292 497 379 559 5661,
394 497 501 552 lta-aod
510 498 600 552 eidem
612 499 709 553 scribre
724 499 808 553 tribui
822 504 946 570 possunt,
956 504 1053 554 ceterae
1066 500 1126 554 aliis
1138 500 1184 569 (1).
1195 501 1256 555 lam
1274 516 1340 555 rero
1353 503 1453 570 partito

222 595 293 649 inter
309 595 438 650 librarios
450 613 540 666 opere,
558 598 659 652 lactum
673 603 757 652 estut
769 599 995 667 quaternionibus
1012 600 1078 654 folia
1096 600 1202 669 singula
1219 600 1320 655 addere
1337 600 1381 654 rel
1398 602 1454 655 adi·

221 710 305 759 mere,
316 711 367 749 seu
380 712 467 749 vacua
483 696 638 765 relinquere
655 713 699 750 res
712 698 772 764 ipsa
789 697 977 766 postulaverit.
994 702 1077 767 atque
1089 699 1172 752 etiam
1186 703 1216 752 ut
1227 699 1312 753 verba
1323 699 1415 768 aliqua
1426 700 1454 754 in

222 795 301 849 initio
313 795 503 864 quaternionis
514 811 606 849 errore
623 801 759 865 praecepta
771 797 814 850 bis
826 802 938 851 exarata
949 798 1127 866 reperiantur.
1137 797 1198 864 Quo
1211 797 1292 851 etiam
1306 798 1456 867 explicatur

222 894 397 963 perturbatus
417 895 518 964 saepius
537 897 750 963 quaternionum
769 897 840 950 inter
861 913 891 950 se
911 897 987 961 ordo,
1005 912 1039 950 ex
1059 913 1112 965 qua
1132 913 1162 950 re
1179 896 1278 950 accidit
1300 901 1331 951 ut
1353 897 1454 965 pluries

223 994 321 1048 mutati
341 994 396 1047 siut
419 994 526 1048 numeri
547 995 650 1049 arabici
668 995 767 1064 quibus
785 996 892 1065 singula
911 995 975 1050 lolia
994 995 1178 1064 designantur.
1198 995 1260 1050 Fuit
1278 996 1351 1050 enim
1368 1013 1452 1066 quum

224 1093 289 1147 tolia
305 1093 400 1147 98105
416 1097 481 1147 anta
497 1094 585 1159 90-07,
602 1094 723 1163 itemque
742 1095 809 1148 lolia
830 1095 936 1148 191-197
954 1098 1017 1148 ante
1032 1095 1138 1149 189190
1149 1095 1283 1150 collocata
1299 1101 1391 1150 esseut
1407 1096 1453 1162 (9).

223 1191 306 1246 Pauci
318 1198 412 1247 autern
424 1197 489 1246 sunt
497 1192 690 1261 quaterniones
702 1209 819 1262 quorum
832 1194 956 1248 ordinem
969 1194 1083 1262 antiqua
1094 1210 1193 1248 manns
1204 1193 1301 1248 litteris
1313 1194 1454 1265 adscriptis

223 1290 415 1359 significaverit
427 1291 473 1357 (3).

255 1388 291 1443 At
307 1406 390 1458 quam
406 1390 549 1458 hucusque
560 1389 700 1444 tartunam
714 1391 799 1444 codex
810 1391 946 1452 hahuerit,
964 1395 995 1444 ut
1011 1406 1067 1445 non
1085 1389 1123 1444 iia
1142 1390 1314 1460 perspicuum
1334 1394 1382 1454 est,
1402 1408 1452 1445 nec

224 1489 292 1543 adeo
305 1493 432 1543 accurate
444 1489 534 1543 adhuc
547 1494 588 1542 est
600 1489 776 1543 declaratum.
788 1489 856 1543 Nam
875 1490 1016 1558 quomodo
1034 1489 1155 1543 codicem
1177 1489 1230 1544 sibi
1253 1491 1454 1560 comparaverit

223 1588 361 1657 Grynaeus
380 1593 411 1641 ut
427 1587 475 1642 illo
494 1588 521 1641 in
539 1587 628 1657 prima
645 1589 764 1643 editione
781 1589 941 1643 adornanda
962 1588 1001 1643 uti
1018 1588 1120 1652 liceret,
1137 1604 1193 1642 non
1212 1588 1297 1656 liquet
1309 1584 1453 1655 (l);'certe

223 1685 466 1740 tameuadhibitus
478 1685 523 1739 ille
535 1686 633 1740 adhoc
644 1691 693 1739 est.
710 1685 801 1754 Quum
820 1686 892 1740 enim
911 1686 997 1740 codex
1016 1686 1236 1740 Vindobonensis
1252 1702 1328 1741 num.
1345 1688 1402 1751 715,
1419 1702 1453 1740 ex

223 1802 277 1855 quo
289 1784 412 1839 maxima
424 1801 487 1854 pars
498 1785 581 1852 hujus
594 1785 721 1838 editionis
733 1785 846 1839 delinxit
857 1787 903 1852 (5),
921 1786 1028 1839 duobus
1046 1785 1201 1854 ingentibus
1218 1785 1323 1839 lacunis
1340 1786 1454 1841 mutilus

222 1884 264 1949 sit,
282 1885 381 1938 hanun
395 1884 480 1937 altera
491 1884 607 1952 turpiter
623 1883 754 1952 neglecta,
772 1884 886 1938 alteram
905 1884 1030 1938 adhibito
1048 1883 1142 1938 codice
1162 1888 1257 1937 nostro
1277 1885 1404 1953 explevit.
1424 1885 1453 1939 ld

222 1982 381 2036 nouaclum
393 1982 542 2036 lectionum
560 1998 711 2036 consensus
723 1983 901 2047 demonstrat,
909 1982 958 2036 sed
970 1982 1052 2036 etiam
1066 1982 1186 2036 conditio
1199 1982 1327 2037 ioliomm
1339 1983 1454 2049 lar-174,

222 2081 322 2149 quibus
335 2097 419 2151 opera
430 2081 458 2134 in
471 2081 678 2135 vindobonensi
690 2081 792 2135 omissa
804 2081 889 2135 codex
902 2081 1086 2135 Bruxeliensis
1095 2081 1298 2150 complectitur;
1312 2082 1371 2136 boec
1380 2084 1453 2138 enim

223 2179 296 2246 lolia,
308 2180 379 2234 utin
392 2180 579 2249 operariorum
593 2197 692 2234 manus
704 2181 886 2243 mitterentur,
898 2179 1085 2249 compluribus
1096 2180 1226 2244 numeris,
1238 2179 1310 2234 uotis
1321 2179 1454 2249 lineisque

222 2278 364 2349 designata
383 2283 449 2332 suut
465 2295 496 2333 ac
513 2278 613 2333 misere
630 2279 766 2333 deloedata
776 2279 822 2345 (6).
835 2309 866 2317 -
884 2279 950 2332 Post
961 2278 1105 2348 Gryuaeum
1120 2278 1242 2332 codicem
1255 2278 1454 2343 habuit,imm0

218 2377 351 2446 possedit.
363 2377 523 2431 Franciscus
534 2377 653 2440 Medius,
665 2393 751 2445 quum
764 2377 836 2431 enim
851 2376 1000 2430 Bollaudus
1011 2376 1037 2431 S.
1046 2376 1191 2456 Epiphanii
1201 2375 1291 2431 Vitam
1303 2377 1453 2432 secundum

217 2476 353 2531 lectiones
364 2477 480 2545 hujusce
492 2475 593 2529 codicis
610 2475 710 2529 edebat
721 2476 767 2542 (7),
789 2477 861 2530 unde
882 2477 1077 2529 documentum
1098 2474 1222 2529 hauriret
1241 2475 1392 2529 adnotabat
1410 2475 1455 2529 his

215 2575 311 2629 rerhIs
329 2594 336 2629 t
354 2593 367 2628 e
384 2584 484 2629 vetusto
501 2576 647 2628 Francisci
664 2577 753 2628 Medii
769 2577 857 2629 codice
868 2577 1048 2644 descripserat
1060 2575 1223 2643 Rosrueydua
1236 2575 1281 2641 (8).
1292 2575 1353 2628 dam
1371 2574 1454 2629 Fran·

213 2673 307 2727 ciscus
325 2673 432 2727 Modius
449 2678 595 2742 postquam
613 2672 728 2726 Lovanii
750 2688 823 2726 anno
847 2672 910 2726 1573
927 2672 996 2740 Juris
1013 2672 1156 2740 utriusque
1170 2671 1264 2725 laurea
1282 2671 1400 2724 donatus
1417 2669 1455 2724 ibi

208 2789 307 2828 annos
328 2773 434 2841 aliquot
454 2772 676 2840 consumpsisset,
696 2771 725 2824 in
753 2771 926 2825 Germaniam
953 2772 1083 2825 secedens
1109 2770 1231 2825 Coloniae
1260 2768 1455 2839 aliquantisper

204 2871 404 2936 tubstititl9);
423 2870 461 2925 ibi
479 2870 523 2924 rel
541 2870 611 2924 torte
629 2870 778 2938 Herbipoli,
797 2869 843 2923 nbi
862 2870 934 2940 apud
952 2870 1097 2923 Erasmum
1115 2869 1318 2923 Naustetterum
1335 2868 1454 2922 triennio

204 2976 343 3026 lucratus
350 2976 399 3034 est,
407 2971 530 3024 codicem
540 2975 664 3023 nostrum
675 2974 772 3023 nactus
781 2973 830 3023 est.
842 2970 880 3023 Ex
893 2971 1043 3038 quostiam
1057 2969 1146 3023 varias
1155 2968 1287 3022 lectiones
1300 2968 1454 3036 panegyrici

201 3067 391 3126 'Theoderico
408 3070 473 3124 dicti
486 3086 549 3123 curn
562 3068 704 3136 Sylburgio
714 3067 937 3133 communicavit,
947 3073 977 3121 ut
986 3085 1018 3122 ex
1031 3069 1083 3122 hac
1096 3069 1162 3122 nota
1174 3084 1190 3120 a
1202 3067 1351 3136 Bongarsio
1364 3068 1452 3121 eidem

197 3169 381 3239 panegyrico
390 3168 462 3237 typis
474 3183 577 3222 excuso
589 3168 716 3236 apposita
725 3171 833 3221 constat
842 3168 957 3222 :Variae
965 3170 1020 3221 lect.
1030 3185 1063 3220 ex
1072 3169 1123 3221 Me.
1132 3168 1216 3221 habeo
1224 3185 1241 3221 a
1250 3167 1301 3221 Fr.
1309 3168 1453 3234 Sylburpio

195 3272 265 3338 qui
272 3286 292 3323 a
300 3268 403 3322 Fronc.
414 3268 505 3321 Medio
514 3266 576 3334 (10).
587 3265 694 3319 blodius
704 3269 796 3319 autem
809 3270 871 3334 post
882 3282 985 3319 annum
999 3266 1071 3329 1587,
1082 3282 1136 3335 quo
1149 3268 1252 3319 Rerum
1265 3268 1452 3319 criminalium

194 3383 319 3434 maces
328 3365 500 3420 Francofnrti
507 3365 600 3429 edidit,
608 3365 636 3418 iu
645 3363 759 3418 Galliam
767 3363 902 3432 migravit,
909 3380 1065 3433 munusque
1074 3364 1205 3418 Canonici
1215 3363 1244 3418 iu
1253 3364 1317 3418 lano
1327 3364 1353 3417 S.
1361 3364 1453 3418 Audo-

193 3467 287 3523 mari
296 3465 424 3533 adeptus,
433 3464 534 3518 ibidem
548 3480 604 3528 seu,
615 3468 645 3517 ut
656 3463 702 3517 alii
715 3462 820 3524 volunt,
833 3462 921 3516 Aeriae
933 3463 1003 3532 apud
1016 3463 1148 3523 Artesios.
1160 3479 1233 3517 anno
1247 3464 1311 3516 1597
1322 3463 1366 3530 (al.
1377 3464 1452 3529 1599)

194 3565 294 3620 obiit.
312 3563 363 3617 His
381 3579 446 3617 cero
459 3563 631 3630 temporibus
643 3561 822 3629 liosweydus,
837 3566 896 3615 tum
906 3561 1023 3628 juvenis,
1035 3561 1120 3615 Duaci
1134 3561 1242 3629 degens,
1252 3561 1350 3615 barum
1364 3562 1451 3630 regio·

195 3674 281 3721 uum
295 3662 465 3718 monasteria
477 3661 716 3729 bibliothecasque
725 3660 821 3714 sedulo
832 3660 973 3723 visitabat3
986 3676 1041 3728 quo
1053 3660 1211 3728 intelligitur
1220 3660 1359 3729 quomodo
1368 3660 1451 3715 llodii

197 3763 311 3819 codice
322 3762 364 3816 nti
377 3761 506 3830 potuerit.
525 3787 558 3799 -
578 3759 600 3813 Ε
620 3759 677 3812 uita
696 3758 864 3828 migrarums
882 3758 988 3812 blodius
1005 3757 1127 3811 codicem
1146 3757 1256 3826 reliquit
1273 3757 1383 3826 collegae
1400 3775 1450 3812 suo

198 3856 357 3917 Richardo
371 3860 405 3913 de
417 3859 482 3924 Pan,
494 3860 567 3914 inter
585 3858 733 3912 canonicos
753 3858 779 3911 S.
798 3857 948 3911 Andomari
969 3872 1064 3910 recens
1084 3859 1229 3923 cooptat0;
1250 3856 1328 3922 cujus
1348 3872 1450 3910 nomen

245 4026 287 4093 (1)
296 4023 367 4079 Vide
380 4022 474 4091 Vogel,
490 4039 516 4090 p.
526 4038 608 4076 xxxn.
617 4051 650 4059 —
662 4020 698 4087 (9)
711 4021 779 4075 Ibid.
791 4048 824 4059 -
836 4021 873 4087 (3)
891 4020 970 4083 lbid.;
983 4020 1085 4081 Hartel,
1102 4037 1127 4088 p.
1146 4037 1162 4072 1.
1173 4047 1205 4057 —
1217 4020 1252 4085 (4)
1271 4019 1375 4072 Prodiit
1391 4020 1450 4074 llaec
1520 4064 1526 4072 .

208 4102 332 4162 Basileia
352 4121 425 4159 auno
447 4103 561 4159 rassin
585 4103 726 4158 volumine
746 4104 794 4171 qui
817 4103 973 4156 inscribitur
992 4101 1053 4156 ioh.
1072 4102 1127 4155 iac.
1149 4101 1254 4169 Grynaei
1276 4104 1450 4156 ironumenra
1474 4122 1476 4127 ·

216 4186 241 4243 8.
253 4189 373 4243 Petrum
387 4187 655 4255 Onhodoxoprupho,
667 4186 738 4239 inter
753 4187 895 4254 Epistulas
915 4186 1237 4251 Orthodorogropirorum
1258 4186 1448 4252 llreoloporum

216 4269 376 4331 latinorum,
394 4285 421 4337 p.
440 4268 558 4322 969480.
572 4301 605 4308 -
623 4269 660 4332 (5)
678 4267 747 4321 Vide
765 4267 868 4330 Hartel,
885 4284 910 4335 p.
929 4283 1015 4320 vir-xi.
1033 4294 1064 4304 -
1083 4268 1119 4330 (6)
1137 4265 1204 4320 Vide
1219 4266 1308 4334 Vogel,
1326 4283 1351 4334 p.
1368 4283 1447 4327 xn1x3

218 4348 319 4415 llartel,
331 4368 357 4420 p.
370 4367 407 4404 m.
419 4350 500 4404 Nulla
511 4351 670 4418 huiusmodi
690 4350 898 4419 inquinamenta
915 4365 1012 4417 passus
1030 4354 1071 4402 est
1087 4348 1207 4417 reliquus
1225 4350 1330 4412 codex,
1348 4349 1376 4403 in
1393 4367 1449 4418 quo

220 4433 326 4489 nonnisi
343 4449 413 4487 rarae
432 4432 539 4487 Schotti
556 4432 599 4486 rel
617 4432 734 4485 aliorum
753 4432 936 4485 correctiones
954 4431 1137 4484 inveniuntur.
1156 4459 1185 4468 -
1208 4432 1246 4498 (7)
1264 4434 1321 4485 Act.
1342 4433 1396 4496 SS,
1414 4434 1448 4486 ad

219 4516 241 4572 d
256 4518 288 4571 21
305 4516 373 4583 ian,
390 4521 458 4570 tom.
476 4516 509 4579 ΙΙ,
528 4531 553 4584 p.
570 4514 1105 4583 361εᾳᾳ.-(8)11)1(1.,ρ.364,ηιιῃ.9.
1124 4543 1155 4550 -·
1173 4513 1210 4579 (9)
1227 4513 1360 4583 Foppens,
1378 4517 1449 4570 Bibl.

219 4598 365 4666 belp.,tom.
377 4596 397 4656 Ι,
407 4612 433 4665 p.
445 4596 503 4650 300.
512 4595 609 4663 -110)
622 4595 725 4664 Hagen,
740 4597 885 4663 Cataloqus
896 4595 1018 4648 codicum
1031 4595 1210 4647 Beruensium
1228 4596 1307 4659 (bibl.
1324 4597 1448 4663 Boupor-

219 4682 321 4747 aiono),
334 4678 481 4748 Appendix
494 4693 520 4746 p.
538 4678 596 4731 598.
1114 4708 1117 4715 -
1175 4670 1178 4679 “

312 4777 408 4818 curin.
425 4776 508 4816 saux.
526 4777 551 4814 r.
569 4776 598 4814 ιι.
1317 4759 1351 4815 95
