3270 5400
331 354 380 427 tl
658 377 783 430 caras.
809 378 912 430 cono.
937 378 1210 431 maroamrmc.

329 563 416 632 magis
427 565 568 633 magisque
576 579 676 631 augere
686 564 790 618 studuit
800 565 869 616 vires
878 564 962 617 animi
973 564 1102 617 rirtntum
1113 564 1295 618 incrementis.
1304 567 1337 619 Et
1349 572 1379 619 ut
1390 567 1547 635 evangelieo

328 677 473 730 parumper
485 664 524 717 uti
535 662 616 716 liceat
626 663 759 732 exemplo,
776 664 853 717 salva
863 663 1015 715 reverentia
1026 679 1150 716 sororum
1164 663 1222 716 Deo
1233 664 1391 717 dilectarum
1411 681 1472 733 qus
1489 682 1547 718 cor·

328 761 387 829 pori
399 761 497 815 Christi
506 763 659 831 specialiter
675 762 829 815 ministrare
839 767 1006 822 meruerunt.
1018 762 1076 814 baec
1089 762 1117 814 in
1126 763 1246 828 iejuniis,
1263 763 1370 831 uigiliis,
1382 764 1547 818 obsecratio·

328 859 409 913 nibus
417 867 444 914 ct
452 860 541 914 carnis
550 862 732 915 maceratione
742 877 803 914 cum
814 861 897 914 llaria
905 877 984 914 secus
992 862 1074 929 pedes
1085 862 1193 914 Domini
1203 862 1324 914 residens
1333 864 1548 931 contemplativa

327 958 420 1026 quiete
432 960 515 1011 verba
526 960 581 1012 oris
592 960 651 1026 ejus
662 960 801 1021 audiebat;
811 960 838 1011 iu
850 958 1029 1028 eleemosynis
1041 975 1114 1021 vero,
1127 961 1155 1013 in
1166 960 1331 1028 pauperibus
1343 961 1505 1024 recreandis,
1519 962 1547 1014 in
1564 968 1581 1016 b

328 1055 468 1109 visitandis
477 1057 591 1110 inllrmis
600 1059 751 1126 ceterisque
759 1057 952 1110 misericordia
961 1058 1089 1126 operibus
1101 1074 1162 1111 cum
1176 1058 1282 1111 llartha
1291 1059 1378 1111 activa
1388 1060 1547 1113 sollicitudi-

327 1168 362 1207 ne
371 1154 498 1223 frequens
507 1154 606 1209 Christi
615 1157 796 1210 ministerium
806 1172 932 1209 exercere
940 1157 1088 1224 satagebat,
1101 1162 1176 1210 tanto
1186 1157 1280 1224 utique
1290 1158 1430 1211 ardentius
1439 1166 1543 1228 quanto

326 1268 356 1305 sa
364 1252 393 1306 in
402 1252 526 1321 proximo
536 1254 704 1323 triumphurn
714 1255 835 1322 martyrii
845 1255 1004 1323 adepturam
1014 1255 1106 1307 divina
1119 1255 1295 1321 inspiratione
1303 1257 1447 1310 sentiebat

369 1350 424 1406 17.
448 1352 516 1406 Cum
533 1357 624 1404 autem
644 1351 797 1404 misericors
814 1351 886 1403 Deus
903 1351 1011 1403 labores
1028 1352 1087 1416 ejus
1102 1356 1129 1403 et
1148 1353 1298 1404 certamina
1316 1351 1385 1404 liniri
1398 1358 1425 1405 et
1437 1369 1498 1406 eam
1518 1353 1546 1406 in

326 1450 408 1502 domo
421 1448 509 1501 Patris
520 1448 562 1501 sui
574 1464 621 1516 per
634 1463 762 1500 coronam
774 1447 908 1516 passionis
920 1448 1062 1500 mansione
1079 1453 1210 1515 perpetua
1222 1447 1377 1515 disponeret
1393 1449 1546 1515 sublimari,
1564 1459 1596 1508 le

325 1545 438 1613 contigit
448 1546 634 1614 progenitores
646 1546 711 1613 ejus,
724 1545 870 1612 aquodam
882 1545 1033 1597 amicorum
1045 1560 1167 1603 suorum,
1180 1550 1210 1596 ut
1223 1546 1307 1598 moris
1324 1550 1365 1597 est
1373 1547 1545 1611 secularium,

325 1643 500 1705 invitatos,ad
508 1645 631 1711 paratum
644 1647 717 1695 certa
726 1641 769 1694 die
779 1640 934 1695 convivium
944 1657 1006 1694 cum
1017 1640 1121 1693 familia
1128 1657 1176 1693 sua
1187 1642 1344 1709 perrexisse,
1352 1648 1378 1694 et
1388 1660 1447 1696 eam
1457 1644 1545 1697 solam

325 1758 386 1797 cum
405 1742 464 1795 sola
475 1742 579 1795 nutrice
590 1740 665 1794 domi
682 1740 854 1793 remansisse.
872 1738 943 1806 Quid
960 1755 1026 1792 vero
1043 1755 1132 1792 causae
1151 1740 1269 1794 extiterit
1281 1741 1355 1807 quod
1368 1747 1465 1794 vocata
1482 1759 1545 1797 cum

326 1841 484 1910 parentibus
504 1856 559 1893 non
576 1840 681 1899 abierit.
702 1844 777 1907 patet
794 1838 878 1891 ratio:
896 1854 931 1891 ne
949 1836 1052 1890 scilicet
1069 1853 1151 1895 mors,
1163 1854 1223 1905 quae
1241 1855 1319 1891 secus
1336 1838 1544 1894 delectationem

325 1938 415 2008 posita
425 1943 474 2002 est,
487 1955 533 2007 per
545 1937 817 2018 fenestrassimplicis
828 1936 970 2001 columbae,
982 1937 1008 1989 id
1019 1941 1059 1990 est
1069 1937 1162 1989 ocules
1172 1937 1289 2005 virginis,
1299 1938 1419 1990 intraret.
1425 1939 1544 1993 Noverat
1564 1950 1596 2000 ra

326 2036 399 2091 anim
414 2037 441 2090 in
453 2037 552 2090 talilms
564 2036 750 2089 conviviorum
764 2035 942 2088 consentibus
954 2034 1040 2088 multa
1057 2034 1202 2088 inhonesta
1214 2040 1241 2087 et
1252 2036 1340 2103 turpia
1352 2036 1474 2088 motibus
1486 2053 1545 2089 cor·

326 2148 422 2201 porum
432 2137 459 2185 et
467 2132 571 2186 lusibus
583 2132 695 2195 actitari,
704 2136 732 2184 et
740 2131 841 2184 lasciva
850 2130 1013 2184 histrionum
1023 2131 1129 2183 cantica
1141 2136 1222 2198 atque
1234 2134 1333 2185 nociva
1348 2133 1450 2186 versari
1462 2133 1545 2186 collo·

326 2230 399 2299 quia,
419 2231 519 2298 quibus
547 2246 602 2283 non
629 2234 735 2283 tantum
763 2246 853 2283 mores
875 2230 972 2291 bonos,
996 2229 1044 2282 sed
1070 2234 1097 2282 et
1119 2230 1240 2297 quinque
1269 2246 1399 2283 sensuum
1424 2233 1545 2300 corporis

327 2327 491 2395 diligentiam
510 2328 645 2396 corrumpi
659 2327 785 2396 perfacile
802 2332 851 2381 est.
863 2326 934 2393 Quin
955 2327 1034 2380 etiam
1054 2328 1218 2381 meminerat
1233 2329 1398 2382 temulentos
1414 2331 1545 2384 convivas

327 2442 383 2481 non
399 2427 487 2482 solum
502 2428 588 2481 multa
604 2426 763 2487 criminalia,
773 2426 820 2478 sed
833 2427 915 2478 etiam
934 2425 1096 2478 effusionem
1109 2426 1246 2494 sanguinis
1258 2426 1355 2495 saepius
1367 2432 1545 2496 perpetrasse,
1562 2440 1596 2492 20

327 2530 356 2580 at
374 2526 512 2579 crudelem
521 2527 615 2590 leram,
627 2525 745 2594 puellam
758 2524 829 2578 male
838 2524 991 2586 saltantem,
1003 2524 1165 2578 sceleratum
1179 2525 1294 2579 adulteri
1307 2527 1376 2594 regis
1387 2526 1545 2582 convivium

325 2626 399 2694 justo
411 2624 534 2693 sangnini
545 2625 693 2679 miscuisse.
711 2624 774 2677 Hae
792 2639 884 2676 secum
898 2624 972 2690 virgo
990 2628 1139 2676 retractans
1156 2629 1183 2677 et
1196 2630 1225 2677 ut
1242 2624 1355 2693 prolana
1372 2625 1504 2691 devitans,
1517 2627 1546 2680 in

327 2728 399 2778 tecte
411 2740 460 2777 suo
472 2724 593 2778 solitaria
606 2723 741 2777 residebat
750 2728 777 2776 et
790 2722 816 2775 in
829 2722 912 2775 cubili
920 2738 969 2775 suo
982 2738 1042 2789 qua>
1053 2723 1100 2775 liei
1111 2729 1174 2776 sunt
1183 2723 1374 2776 meditabatur.

372 2818 428 2879 18.
458 2820 519 2886 Quo
547 2819 703 2872 ilarduinus
731 2822 879 2886 cuniperto,
905 2817 1013 2886 gavisus
1041 2817 1188 2871 admodum
1217 2834 1246 2870 se
1273 2823 1379 2886 tempus
1408 2818 1545 2873 invenisse

328 2918 466 2989 explenda
478 2916 632 2987 cupiditatis
648 2933 704 2970 sure
716 2919 908 2984 opportunum,
920 2915 1066 2983 assumptis
1077 2915 1237 2968 satellitibus
1249 2916 1349 2980 multis,
1358 2933 1391 2969 eo
1403 2917 1545 2985 pervolat:
1562 2933 1599 2983 25

327 3018 400 3072 haud
413 3017 491 3071 aliter
501 3033 583 3085 quam
597 3017 619 3069 si
630 3014 724 3084 lupina
737 3013 869 3067 voracitas
886 3013 919 3066 ad
933 3014 1091 3082 rapiendam
1104 3030 1183 3067 ovem
1197 3014 1283 3067 hianti
1296 3031 1343 3067 ore
1355 3015 1495 3070 discurrat.
1508 3017 1545 3071 At

328 3114 373 3169 illa
384 3115 428 3169 cui
440 3115 473 3168 de
485 3113 671 3168 conservanda
688 3112 848 3165 castimonia
865 3116 922 3165 tota
938 3111 1037 3164 mentis
1049 3112 1171 3164 fervebat
1188 3111 1303 3164 intentio
1321 3116 1347 3165 et
1359 3112 1393 3164 ad
1405 3112 1502 3173 Deum,
1514 3118 1545 3167 ut

328 3229 389 3267 eam
402 3214 436 3265 de
448 3212 573 3266 manibus
585 3211 763 3280 ‹pumrentium
782 3211 904 3277 eriperet,
914 3209 984 3277 jugis
996 3209 1162 3277 dirigebatur
1176 3209 1273 3272 oratio,
1285 3209 1331 3263 ubi
1343 3211 1451 3263 turbam
1464 3210 1545 3263 adre-

328 3312 459 3367 niontium
470 3311 624 3380 proximare
632 3309 780 3378 presensit,
789 3308 861 3361 illico
870 3308 944 3376 gravi
954 3324 1081 3376 oppressa
1091 3308 1281 3372 formidinem
1289 3309 1416 3377 puellaris
1425 3309 1547 3362 habebat

329 3410 506 3473 imbecillitas,
519 3408 584 3478 quid
599 3412 734 3475 agatque
755 3422 784 3459 se
801 3410 897 3468 vertat,
908 3422 1024 3475 quemve
1044 3407 1172 3460 tutiorem
1190 3406 1292 3461 latendi
1307 3408 1396 3461 locum
1415 3408 1545 3473 inveniat,
1564 3423 1600 3476 30

328 3527 376 3582 per
393 3510 500 3564 diversa
517 3510 615 3562 domus
633 3505 745 3560 latibula
762 3506 898 3559 divertens
915 3506 967 3559 sibi
986 3506 1123 3559 subreniri
1142 3506 1176 3559 de
1196 3507 1264 3560 coelo
1281 3508 1362 3561 corde
1379 3508 1445 3561 satis
1462 3511 1546 3565 anxio

328 3609 488 3679 suspirabat
501 3608 571 3661 Hinc
580 3606 615 3659 ad
627 3605 757 3659 nutricem
768 3624 774 3657 ε
785 3606 919 3658 Abseoade
931 3623 977 3665 rrae,
990 3603 1084 3672 inquit,
1097 3608 1124 3658 ia
1135 3607 1220 3659 loculo
1232 3623 1308 3673 quem
1317 3608 1417 3659 alicrrbi
1424 3611 1547 3662 secretio·

328 3726 385 3763 rem
396 3726 451 3761 esse
462 3711 540 3772 nosti,
552 3709 598 3760 ubi
614 3723 782 3775 nequaquam
798 3724 815 3758 a
826 3707 1024 3773 requirentibus
1040 3707 1158 3757 inveniri
1167 3707 1276 3771 poesim,
1288 3712 1311 3757 et
1328 3706 1457 3759 obseratis
1469 3708 1547 3759 ostiis

328 3807 465 3873 egrediens
482 3805 684 3859 adseverantium
695 3805 798 3856 obuiam
808 3804 926 3870 procede,
938 3804 1029 3855 dicens
1040 3820 1080 3853 me
1092 3818 1211 3869 prorsus
1222 3803 1310 3854 abesse
1321 3809 1344 3855 et
1355 3819 1415 3854 cum
1425 3805 1547 3869 purenti-

329 3904 379 3958 bur
387 3906 452 3957 meir
461 3905 553 3956 obisse.
560 3901 638 3955 Talia
646 3901 779 3954 dicentem
787 3917 868 3954 nemo
876 3901 946 3953 sorte
954 3900 1161 3968 recogitethanc
1170 3899 1378 3968 trepidationem
1387 3904 1413 3952 et
1421 3899 1548 3954 sedulam
1565 3915 1601 3967 35

328 4000 537 4056 absconsionem
550 4001 647 4054 timore
657 3999 754 4053 mortis
766 4016 826 4053 eam
845 3999 986 4068 peregisse,
998 4000 1075 4065 cujus
1084 4000 1139 4066 jam
1154 4014 1232 4052 mens
1248 3998 1447 4052 consciscitius
1457 3998 1547 4068 perie-

329 4101 420 4154 rendse
428 4099 569 4169 passionis,
578 4101 625 4153 sed
637 4115 671 4152 ne
680 4098 815 4166 pudicitiae
823 4115 879 4151 suae
889 4098 966 4151 lieo*
976 4099 1081 4151 devotas
1090 4099 1224 4165 jacturam
1234 4114 1282 4167 per
1291 4098 1422 4151 incestam
1432 4097 1546 4166 maligni

329 4198 497 4270 persuasoris
508 4202 644 4268 pateretur
655 4195 820 4250 violentiam.
832 4196 885 4249 Sed
896 4213 981 4264 quare
993 4197 1065 4249 boc?
1077 4196 1153 4259 Cum,
1165 4196 1189 4249 si
1200 4196 1310 4264 spiritus
1322 4213 1377 4250 nou
1389 4198 1548 4251 consentiat

329 4314 379 4352 nec
388 4314 451 4351 earo
461 4296 783 4365 delectetur,virginitatis
792 4294 909 4348 claustra
918 4311 966 4364 per
975 4295 1077 4349 illatam
1085 4295 1308 4350 rimnullomodo
1316 4295 1547 4365 possint⁸violari

329 4412 379 4451 nec
391 4396 512 4465 corporis
524 4395 662 4463 integritas
674 4394 757 4448 invita
768 4399 859 4448 mente
871 4399 954 4462 queat
965 4393 1135 4462 devirginari.
1147 4394 1240 4448 Paruit
1251 4395 1342 4448 nutrix
1354 4395 1474 4449 velocius
1487 4411 1547 4449 ver·
1564 4405 1601 4460 ω

328 4495 371 4550 his
387 4494 505 4549 domimi·
514 4493 697 4563 precipientis,
710 4500 736 4547 et
745 4509 805 4547 eam
816 4493 843 4548 in
854 4493 1115 4546 remotarecondens
1127 4509 1198 4557 arca,
1209 4509 1245 4546 ne
1257 4494 1335 4547 facile
1347 4499 1440 4563 posset
1451 4494 1547 4564 depre-

329 4594 522 4660 hendi,multis
539 4593 659 4649 restibus
672 4592 785 4662 operuit.
798 4593 836 4647 ilc
853 4593 893 4647 sic
909 4609 1024 4662 egressa,
1035 4593 1136 4646 iuranti
1153 4593 1240 4647 turbae
1252 4593 1343 4647 inania
1361 4594 1549 4649 excusationis

329 4692 412 4747 rerba
423 4692 615 4762 praetendebat.
