3270 5400
293 311 385 361 arai.
403 310 484 363 aaa.
502 310 675 362 saunari.
694 331 741 342 -
760 310 907 363 rrrruo.
926 312 972 364 an
990 312 1071 365 coo.
1089 303 1128 363 n⁰
1143 311 1220 364 ears.
1303 292 1375 365 335

489 592 699 706 Appendix
725 592 775 681 ad
801 592 882 682 cod.
910 594 1025 686 9378.

259 847 298 891 aa
318 847 546 893 raansaarronc
567 850 593 894 s.
616 849 752 895 anonas.
777 830 855 915 (Cir.
876 851 986 914 supra,
1009 850 1082 913 pag.
1105 832 1176 909 332,
1199 832 1257 914 3⁰.)

395 1042 397 1045 v
502 1017 555 1074 ne
579 1015 820 1076 mamaeae
845 1015 1015 1089 dumam.

182 1205 216 1261 1.
247 1203 313 1258 Post
330 1220 433 1258 annum
451 1204 532 1273 igitur
554 1206 777 1261 trecentesimum
801 1205 970 1261 tricesimum
993 1206 1105 1261 tertium
1127 1207 1163 1260 ab
1187 1207 1378 1263 incarnatione

180 1302 261 1369 mini,
279 1309 410 1372 regnante
427 1304 608 1359 Constantino
625 1305 792 1375 imperatore
809 1304 937 1374 glorioso,
955 1320 1023 1374 pace
1039 1304 1149 1359 brinate
1163 1303 1377 1359 christianornm

177 1403 272 1467 deciis,
284 1403 367 1457 beata
379 1403 484 1457 Helena
495 1403 725 1458 christianissima
741 1403 844 1473 regina,
861 1404 985 1471 ejusdem
1002 1403 1132 1473 principis
1149 1408 1246 1469 mater,
1263 1404 1378 1460 audiens

177 1507 253 1556 atum
266 1502 406 1556 Andream
418 1503 446 1557 iu
455 1503 561 1557 Achaia
571 1503 723 1573 insignibus
734 1509 761 1558 et
771 1504 888 1558 assiduis
897 1504 995 1557 florere
1001 1503 1149 1569 miraculis,
1156 1519 1218 1557 cum
1230 1504 1377 1558 devotione

177 1601 345 1666 bumilitate,
355 1619 418 1656 curn
430 1603 519 1657 multa
529 1602 747 1656 christicolarum
757 1601 890 1657 concione
899 1602 951 1658 sibi
959 1602 1076 1657 fideliter
1085 1602 1236 1657 famulante
1245 1604 1279 1657 ad
1289 1603 1377 1658 sancti

177 1701 267 1755 frenit
276 1701 441 1770 sepulcrum.
460 1702 706 1770 incomparabilem
718 1707 744 1755 et
757 1702 815 1756 Deo
828 1706 936 1770 gratum
949 1706 976 1755 et
987 1701 1147 1755 hominibus
1159 1701 1273 1771 cupiens
1285 1703 1378 1757 videre

177 1816 312 1855 maurum.
341 1800 582 1856 Consentientibus
610 1806 704 1855 autem
729 1801 852 1855 ecclesiae
878 1800 1040 1855 custodibus
1058 1805 1085 1855 et
1110 1800 1251 1862 ministris.
1281 1806 1377 1870 aperto

177 1900 263 1953 mirna
274 1915 337 1954 curn
351 1901 504 1954 racematio
515 1905 706 1963 monumento,
720 1905 803 1955 tantae
815 1901 905 1954 sabito
918 1900 1068 1970 fragrantia
1079 1900 1223 1955 suavitatis
1236 1902 1324 1955 effusa
1335 1905 1377 1955 est

177 1998 258 2053 omni
273 1999 422 2053 astantium
434 1999 546 2069 populo,
559 2004 590 2053 ut
607 1999 733 2054 omniurn
751 2000 955 2069 pigmentorum
974 1999 1141 2055 redolentias
1158 2000 1377 2055 inestimabiliter

177 2101 281 2164 peraret
305 2096 391 2151 odore
413 2099 587 2152 suavissimo.
610 2097 747 2166 Expandit
765 2098 847 2153 beata
865 2098 970 2152 Helena
988 2115 1052 2153 cum
1076 2098 1204 2152 fidelibus
1222 2115 1321 2152 manus
1340 2099 1376 2153 ad

176 2192 245 2258 lum,
256 2192 441 2262 multiplicant
452 2210 549 2248 omnes
562 2199 626 2248 vota
638 2195 739 2248 devote
750 2194 786 2248 ad
796 2210 870 2249 eum.

179 2289 213 2347 ἓ.
239 2292 398 2360 Apparebat
415 2307 515 2360 corpus
532 2307 643 2345 sacrum
661 2306 695 2345 er
720 2291 796 2344 omni
819 2296 897 2360 parte
919 2292 1065 2360 integrum,
1084 2292 1257 2348 vestimentis
1274 2291 1376 2362 pretio·

177 2409 185 2455 t,
202 2390 283 2445 sicuti
296 2391 378 2444 beata
390 2389 537 2444 Maximilla
555 2388 645 2459 ipsum
663 2389 692 2443 in
705 2388 831 2458 sepulcro
850 2390 1017 2454 condiderat,
1036 2390 1193 2459 dignissime
1212 2390 1376 2445 involutum.

177 2489 219 2544 tta
229 2495 325 2544 autern
337 2494 396 2543 erat
404 2488 580 2557 corruptione
588 2489 685 2543 laesum
696 2488 863 2543 sanctissimi
872 2491 995 2558 corporis
1004 2488 1046 2544 sui
1056 2490 1262 2544 vestimentum.
1272 2489 1297 2543 A
1306 2488 1376 2544 facie

177 2605 206 2642 ro
218 2589 278 2657 ejus
290 2605 353 2643 cum
366 2588 540 2642 abduxerunt
551 2587 702 2651 sudarium,
716 2592 858 2656 tamquam
872 2586 1032 2642 irradiatum
1045 2604 1062 2642 a
1078 2588 1137 2642 sole
1154 2587 1376 2659 splendidissimo

177 2693 230 2742 tum
239 2687 407 2757 resplenduit
416 2687 512 2757 templi
524 2687 682 2742 sacrarium.
692 2688 782 2741 Pavor
791 2687 852 2741 ilico
865 2687 961 2757 ingens
970 2692 998 2742 et
1007 2692 1102 2757 stupor
1111 2688 1298 2757 singulorum:
1311 2686 1376 2756 quia

176 2804 189 2841 r
199 2792 276 2842 artus
287 2787 409 2858 corporis
427 2788 592 2842 movebatur
603 2803 692 2842 cruor.
702 2786 822 2841 Genibus
831 2792 990 2842 corruentes
1005 2792 1117 2857 pectora
1126 2787 1286 2851 tundebant,
1298 2786 1375 2842 lacri-

177 2904 201 2942 ιε
212 2888 373 2952 fundebant,
390 2888 489 2941 divinae
507 2887 646 2955 majestati
664 2887 776 2941 laudum
794 2888 930 2955 praeconia
943 2887 1146 2956 impendebant.
1158 2887 1264 2941 Fideles
1280 2892 1373 2942 autem

177 2987 243 3042 tristi
259 2987 377 3041 ministri
393 3003 458 3041 cum
476 2987 557 3041 beata
574 2986 679 3040 Helena
698 2991 822 3040 sanctum
837 3002 935 3055 corpus
948 2990 1004 3040 tam
1017 2986 1211 3055 gloriosissime
1229 2985 1376 3051 intuentes,

177 3102 296 3157 musque
311 3087 346 3140 ad
357 3086 579 3140 transferendum
597 3085 693 3139 timide
713 3088 889 3154 apponentes,
907 3101 970 3139 cum
987 3089 1107 3139 tremore
1125 3090 1152 3138 et
1170 3085 1324 3140 reverentia
1341 3085 1375 3141 de

177 3186 247 3241 nulo
266 3185 412 3240 elevabant
423 3186 491 3240 etin
508 3185 599 3240 loculo
618 3183 816 3254 pretiosissimo
828 3184 945 3253 gemmis
964 3200 1032 3238 auro
1044 3191 1197 3254 praeparato
1216 3184 1375 3255 dignissime

177 3286 277 3340 llocare
290 3290 318 3340 et
329 3285 471 3354 imponere
483 3284 636 3354 cupiebant.
648 3284 717 3339 Cum
737 3299 803 3338 rero
813 3283 847 3337 de
859 3283 1030 3353 sarcophago
1041 3283 1127 3338 levari
1139 3284 1258 3338 debebat
1270 3286 1298 3340 in
1311 3302 1376 3340 con·

177 3390 264 3440 sctum
277 3387 436 3450 astantium,
447 3390 530 3455 gutta
542 3384 681 3454 sanguinis
690 3400 723 3438 ex
734 3383 892 3438 vulneribus
903 3383 931 3437 in
939 3383 1067 3453 passione
1076 3385 1210 3453 perceptis
1219 3386 1253 3440 de
1261 3403 1376 3456 corpore

179 3485 289 3540 tumulo
302 3486 463 3547 effluebant;
477 3488 504 3539 et
518 3501 612 3538 recens
624 3483 734 3552 sanguis
751 3499 862 3552 semper
873 3498 1037 3553 permanens
1049 3487 1123 3537 erat:
1135 3484 1214 3552 cujus
1232 3489 1307 3538 tactu
1319 3484 1376 3540 lan·

177 3584 213 3638 idi
223 3600 257 3638 ex
268 3582 383 3637 dirersis
395 3583 601 3637 infirmitatibus
613 3581 709 3636 salutis
720 3581 836 3650 gratiam
849 3581 1034 3635 resumebant.
1044 3579 1163 3634 Loculus
1175 3586 1268 3635 autem
1278 3598 1375 3637 monu-

177 3682 225 3736 rnti
249 3682 383 3750 sanguine
400 3681 505 3750 plenus,
526 3684 553 3733 et
573 3695 671 3749 corpus
692 3695 801 3733 sacrum
825 3679 888 3732 inde
908 3678 1029 3732 levatum
1051 3678 1123 3731 sieut
1142 3694 1327 3745 cynamonum
1347 3684 1375 3732 et

177 3784 295 3836 lsamum
307 3780 489 3834 aromatizans
509 3779 584 3834 dedit
602 3779 695 3833 odoris
711 3779 879 3833 suavitatem
892 3778 1068 3846 diversasque
1086 3777 1257 3846 fragrantias,
1275 3777 1376 3847 quibus

177 3881 221 3935 b‘di
242 3881 277 3934 ad
290 3896 367 3949 spem
379 3879 442 3934 ritae
464 3878 562 3933 melius
583 3878 730 3932 confortati
742 3882 770 3932 et
787 3876 907 3946 languidi
921 3892 955 3930 ex
973 3876 1050 3930 orani
1067 3876 1249 3931 invalitudine
1266 3877 1377 3932 liberati

177 3977 264 4033 eatori
284 3977 408 4031 omniurn
427 3981 454 4030 et
474 3980 569 4030 sancto
587 3975 712 4045 apostolo
733 3974 828 4028 laudes
847 3973 1004 4028 referebant
1024 3978 1051 4027 et
1067 3973 1176 4042 gratias
1197 3973 1264 4028 Tres
1281 3979 1376 4029 autem

177 4078 242 4132 artui
255 4077 282 4130 in
295 4075 449 4131 elevatione
460 4075 584 4144 corporis
595 4075 665 4129 sacri
684 4072 759 4127 allati
771 4074 830 4142 ejus
841 4072 947 4127 meritis
965 4077 1029 4127 sunt
1045 4072 1107 4127 vitre
1118 4073 1239 4142 pristinae
1251 4073 1377 4130 restituti.

177 4177 213 4234 3.
231 4175 376 4230 Gaudebat
388 4174 478 4229 omnis
491 4174 518 4228 in
530 4174 648 4228 Domino
665 4173 792 4243 populus,
804 4173 899 4227 infide
911 4172 1049 4227 catholica
1060 4173 1251 4236 confirmatus;
1264 4189 1376 4228 venera·

177 4282 276 4343 larque
287 4290 305 4327 a
316 4273 421 4327 cunetis
432 4278 542 4326 sanctus
554 4272 678 4325 Andreas
690 4269 839 4340 apostolus,
852 4271 936 4324 tantis
949 4271 1144 4325 miraculorum
1158 4270 1310 4341 insignibus
1321 4270 1376 4341 glo·

179 4392 210 4429 se
222 4391 240 4428 a
254 4373 374 4427 Domino
387 4372 531 4426 decoratus
550 4391 556 4425 :
576 4371 765 4440 excoliturque
777 4369 891 4439 singulis
909 4371 989 4425 annis
1001 4371 1084 4439 hujus
1097 4372 1232 4425 memoria
1245 4370 1377 4424 solemnis

177 4475 257 4529 ›timo
269 4473 331 4526 idus
342 4470 408 4526 maii
420 4472 531 4525 mensis.
541 4472 606 4525 Dies
619 4487 684 4525 vero
697 4470 756 4523 baec
769 4470 859 4523 sancti
870 4470 990 4538 apostoli
1002 4469 1188 4523 translationis
1200 4469 1228 4522 in
1240 4469 1377 4523 universis

177 4574 251 4629 haiae
266 4578 295 4627 et
303 4570 413 4626 Graeciae
424 4572 508 4625 totins
520 4569 668 4640 provinciis
681 4573 709 4623 et
720 4568 781 4622 aliis
793 4568 965 4623 diversarum
982 4568 1125 4637 regionum
1138 4568 1263 4622 confiniis
1275 4573 1307 4622 ut
1319 4568 1377 4622 dies

177 4672 274 4728 §sionis
295 4672 355 4741 eius
373 4675 520 4725 veneratur
538 4669 631 4724 votiva
651 4672 679 4723 et
695 4666 830 4722 celebris:
851 4667 917 4737 quia
933 4666 1025 4735 passio
1046 4667 1196 4736 apostolica
1214 4672 1241 4721 et
1260 4668 1377 4724 rictoria
