3270 5400
464 342 556 393 arse.
584 341 664 393 nnn.
693 340 864 391 ancusae.
892 359 938 369 -
965 339 1043 390 cen.
1071 329 1109 390 ΝΟ
1134 336 1258 389 aeas-as.
1413 318 1476 388 191

296 528 353 587 20.
371 529 436 583 Post
452 528 511 581 bae
523 527 613 580 iactus
625 532 665 579 est
678 525 826 594 imperator
836 531 866 580 ut
875 527 997 585 demens,
1009 531 1036 579 et
1047 526 1087 580 ait
1099 526 1272 579 cubiculariis
1283 527 1340 580 suis
1352 545 1358 578 :
1372 530 1435 591 Qua
1445 534 1484 578 est

257 628 307 682 hac
323 632 450 683 deterentia
468 642 526 695 qaoe
543 644 583 678 me
601 627 721 677 inreud?
736 626 802 677 Jam
820 642 874 678 reon
892 628 1011 679 sustineo
1029 642 1084 694 qua
1102 627 1272 678 retroactae
1286 628 1387 692 patior.
1406 624 1482 677 Tunc

261 725 410 779 cubicularii
421 724 548 777 dixerunt
560 721 585 773 ei
598 739 604 773 :
618 722 748 786 Sacrifica
759 722 855 774 Diana
867 730 890 775 et
904 722 1009 789 Serapi,
1022 730 1046 774 et
1058 723 1128 774 inibit
1146 725 1273 775 verearis.
1288 720 1385 774 Statim
1398 722 1483 788 impe-

263 828 331 877 rator
342 822 420 889 jussit
438 820 529 874 uenire
546 819 704 873 sacerdotes
717 824 743 872 et
759 819 858 873 eccidit
869 836 968 888 agnam
981 820 1073 873 albam
1086 824 1113 873 et
1125 818 1292 884 columbam,
1304 825 1335 873 ut
1344 820 1483 873 lavaretur

237 926 253 975 t
267 920 421 991 insanguine
438 918 642 974 immolationis.
658 918 790 986 Pracepit
802 918 884 972 etiam
904 918 994 987 parari
1010 919 1105 987 epulas
1121 920 1134 947 *
1153 920 1181 973 in
1199 919 1333 987 Capitolio
1345 924 1372 973 et
1383 920 1482 973 adduci

270 1025 359 1087 patrem
369 1026 394 1074 et
401 1025 518 1075 matrem
530 1018 619 1071 sancti
631 1016 766 1085 martyris.
780 1016 903 1085 Cumque
915 1018 1025 1071 adducti
1038 1017 1160 1081 luissent,
1172 1023 1306 1071 steterunt
1322 1023 1386 1071 ante
1398 1018 1482 1086 impe-

273 1124 374 1173 ratorem
391 1118 457 1172 nibil
475 1118 500 1171 ei
517 1116 722 1184 respondentes.
741 1116 774 1168 Et
791 1116 883 1169 subito
899 1117 997 1170 cecidit
1014 1117 1150 1185 rumphea
1167 1117 1201 1170 de
1217 1117 1284 1170 coelo
1302 1133 1385 1185 supra
1401 1118 1483 1185 pedes

277 1218 437 1289 imperatoris,
449 1220 551 1289 quique
563 1218 671 1287 lugiens
684 1217 711 1271 in
724 1217 855 1286 palatium
868 1234 949 1271 suum
959 1223 987 1270 et
995 1223 1137 1286 correptus
1147 1217 1253 1285 magnis
1263 1218 1483 1281 febribuscollo·

280 1320 368 1373 casitse
378 1321 527 1374 instratum
540 1334 630 1377 suurn,
640 1322 668 1370 et
676 1316 714 1369 ait
723 1316 895 1370 cubiculariis
907 1317 963 1370 suis
976 1336 982 1369 :
997 1318 1090 1370 Vocare
1098 1319 1167 1369 inibi
1177 1320 1348 1371 sacerdotem,
1360 1318 1484 1385 Cumque

239 1418 267 1467 lb
283 1418 384 1482 renisa,
393 1421 429 1473 ait
441 1419 549 1473 adeum
564 1417 730 1485 imperator:
745 1419 818 1470 Unde
827 1418 895 1468 aiibi
905 1418 958 1469 bac
966 1418 1098 1469 ‹tenentia-
1108 1418 1208 1469 accedit
1218 1419 1423 1483 quampotior?
1432 1417 1485 1483 Qui

286 1518 413 1583 respondit:
429 1520 552 1583 lunares,
570 1518 728 1583 temerator,
746 1523 849 1582 perarata
867 1518 1016 1568 certmnina
1034 1516 1181 1567 trebuimus
1198 1533 1258 1567 cum
1278 1517 1438 1568 christianis
1456 1520 1484 1568 ia

287 1618 343 1665 enni
351 1619 445 1669 araride.
458 1616 501 1668 Ea
514 1616 968 1682 igitarsollicitudine‹tententuria
979 1614 1047 1666 [lum
1060 1617 1152 1666 autern
1166 1613 1302 1681 pessimus
1314 1630 1377 1667 eurn
1387 1615 1485 1683 reples

288 1716 320 1763 set
328 1712 386 1767 calor
393 1720 418 1767 et
428 1714 534 1784 magnis
544 1713 666 1766 febribus
678 1714 850 1779 arriperetur,
869 1712 994 1780 aperiens
1012 1729 1043 1765 os
1060 1728 1140 1765 suurn
1158 1712 1215 1766 ait:
1230 1714 1359 1766 Forsitan
1375 1723 1486 1781 propter

287 1826 377 1875 puerum
386 1818 456 1867 illam
472 1817 584 1867 citerior.
601 1814 719 1878 alapam
728 1821 765 1864 eat
778 1813 852 1864 Deus
863 1814 1085 1864 christianorum.
1096 1813 1211 1864 Exaudi
1222 1830 1262 1865 me
1274 1821 1297 1865 et
1313 1816 1417 1878 ignosce
1426 1831 1485 1880 pre·

246 1908 275 1956 la
290 1913 341 1962 tatia
354 1917 414 1967 meis.
425 1915 457 1967 Et
474 1914 533 1966 baec
551 1928 612 1965 curn
626 1911 739 1964 dixisset
751 1911 907 1978 imperator,
924 1910 1037 1978 recessit
1054 1911 1090 1965 ab
1103 1927 1136 1962 eo
1149 1911 1235 1964 febris
1248 1915 1275 1963 et
1287 1927 1435 1980 exsurgens
1452 1913 1486 1965 de

291 2012 403 2065 stratusuo
415 2014 479 2066 abiit
488 2014 516 2066 in
529 2011 664 2080 Capitulio
678 2011 813 2063 *adorare
826 2012 953 2079 Scrapen.
963 2011 1040 2063 Tunc
1051 2011 1191 2063 descendit
1200 2012 1234 2064 de
1246 2011 1315 2065 coelo
1325 2012 1399 2079 virga
1407 2012 1486 2080 ignea

293 2108 424 2173 etpercussit
435 2128 506 2172 eum,
519 2116 546 2164 et
557 2109 700 2178 dissipavit
711 2124 774 2162 eum
787 2115 815 2162 et
826 2109 919 2163 omnia
931 2110 1057 2163 membra
1069 2110 1135 2177 ejus.
1147 2109 1224 2163 Tunc
1237 2126 1300 2163 cum
1313 2110 1486 2164 festinatione

294 2200 399 2269 ingressus
413 2210 542 2279 palatium
559 2225 649 2265 suurn.
661 2210 699 2262 ait
712 2228 718 2261 :
731 2211 849 2275 alapiae
866 2217 903 2262 eat
914 2209 928 2238 *
943 2210 1015 2262 Deua
1029 2210 1305 2276 christianorumque
1322 2212 1462 2276 adjuvanti
1473 2212 1487 2241 *

293 2316 450 2363 emanaturam
467 2311 618 2363 Marinum.
632 2310 743 2374 :idjam
761 2316 784 2360 et
802 2326 850 2360 aaa
862 2308 895 2360 Et
912 2308 971 2360 haec
983 2324 1017 2360 eo
1032 2307 1147 2371 dicente,
1160 2307 1277 2361 cessavit
1294 2309 1384 2361 omnis
1401 2309 1487 2362 dolor.

250 2393 279 2445 ²⁰
293 2395 454 2475 'luncaugens
463 2408 517 2461 ait:
530 2409 636 2474 Serapi,
646 2408 748 2473 adjuva
760 2424 806 2459 me.
816 2406 849 2458 Et
866 2422 928 2458 cum
943 2406 1002 2459 brec
1017 2405 1138 2467 dixisset,
1154 2406 1208 2459 ruit
1219 2407 1248 2459 in
1260 2406 1357 2460 laciern
1370 2423 1447 2459 suam
1461 2413 1488 2460 et

295 2510 376 2555 lennes
385 2506 413 2559 de
423 2524 468 2561 ore
486 2508 545 2575 ejus
557 2506 774 2566 abundaverunt,
789 2509 817 2558 et
827 2509 954 2558 mortuus
973 2509 1014 2557 est
1032 2504 1158 2573 pessime,
1170 2509 1198 2557 et
1211 2505 1343 2572 dissipata
1354 2510 1418 2558 sunt
1429 2507 1488 2573 ejus

296 2610 343 2649 ⁰³3³
356 2601 524 2671 clamasset
541 2605 609 2659 nibil
622 2621 684 2658 eum
701 2604 807 2671 juvarit
824 2604 932 2671 Serapis
950 2621 1033 2672 quem
1052 2604 1199 2668 invocavit,
1216 2604 1282 2672 quia
1300 2604 1339 2657 ira
1357 2604 1405 2657 Dei
1423 2622 1488 2659 con·

296 2708 401 2756 annau
410 2712 448 2760 est
458 2711 485 2759 et
497 2705 590 2759 anima
602 2705 661 2772 ejus
673 2703 740 2757 abiit
753 2703 779 2755 in
789 2703 916 2756 tenebras
926 2707 954 2756 et
965 2703 1102 2756 habitarit
1115 2703 1143 2756 in
1159 2702 1274 2765 interno,
1284 2709 1311 2756 et
1327 2704 1436 2757 redacta
1448 2709 1489 2757 est

297 2792 425 2857 adnibilum
439 2804 573 2858 memoria
585 2804 651 2872 ejus,
664 2802 729 2871 quia
741 2802 815 2854 Deus
833 2800 958 2854 retribuit
973 2803 997 2855 ei
1013 2802 1221 2855 retributionem
1237 2804 1388 2857 secundum
1406 2821 1490 2872 opera

255 2882 283 2932 ²¹⁹³
298 2890 406 2954 eius-Hac
415 2910 502 2958 autem
514 2904 608 2957 omnia
618 2904 790 2971 contigerunt
801 2901 934 2954 Martiano
944 2901 1117 2969 imperatore.
1125 2901 1207 2955 Gesta
1216 2908 1280 2955 sunt
1292 2908 1383 2956 autern
1393 2905 1452 2957 lraec
1462 2904 1489 2957 in

299 2985 381 3048 civitate
389 2999 478 3063 Roma.
491 3002 610 3072 septima
622 3003 635 3031 *
647 3001 777 3054 kalendas
787 3001 939 3064 lanuarias,
952 3005 1082 3069 regnante
1097 3000 1214 3054 Domino
1228 3007 1321 3055 nostro
1334 3002 1398 3055 lesu
1414 3002 1489 3055 Chri-

300 3088 400 3151 st⁰‚nunc
409 3105 434 3153 et
441 3118 549 3171 semper
558 3106 585 3154 et
594 3100 623 3154 in
631 3100 723 3154 secula
732 3100 897 3154 seculorum.
908 3100 1004 3152 Amen.

704 3303 1047 3312 ———-—-—-—

493 3568 593 3657 0111.
627 3568 754 3656 (lodex
779 3571 968 3680 signatus
994 3590 1038 3655 no
1065 3570 1259 3658 8033-34.

325 3777 365 3838 Hic
376 3800 458 3867 lodex,
470 3804 566 3856 formae
578 3803 675 3856 mediae
688 3804 776 3869 (0¹¹¹‚d9
789 3812 813 3860 Χ
825 3804 919 3869 0313),
935 3804 1005 3857 binis
1020 3805 1163 3870 columnis,
1175 3804 1254 3857 lineis
1263 3806 1394 3873 graplride
1407 3806 1494 3858 ductis

304 3874 385 3983 illata
398 3896 486 3955 lolium
505 3900 653 3955 insiticium
671 3906 777 3965 unum),
789 3901 874 3954 habet
891 3900 956 3953 lolia
973 3902 1096 3955 numeris
1107 3902 1212 3970 signata
1227 3904 1286 3965 lam
1299 3918 1360 3970 qua
1377 3903 1494 3968 (duabus

304 3980 375 4037 ΜΕ
384 3999 500 4067 exeeptis,
511 3999 635 4053 seculum
647 3999 698 4053 llll
710 3999 902 4065 referentibus)
913 4016 967 4052 una
979 4016 1064 4053 manu
1076 4017 1129 4054 sec.
1138 4001 1200 4053 Xlll
1207 4002 1264 4069 jam
1277 4000 1371 4054 adulto
1384 4007 1494 4055 exarata

304 4080 358 4131 Μ
366 4082 436 4149 Tituli
445 4098 584 4161 rubricati,
602 4098 698 4151 litterae
710 4099 830 4167 majores
847 4098 997 4165 saepissime
1015 4099 1111 4164 mbrae,
1123 4116 1194 4168 saepe
1206 4100 1336 4164 cerulea,
1354 4117 1415 4153 raro
1434 4101 1496 4154 uiri·

305 4162 482 4273 dfilliqtramlo
499 4210 582 4263 parce
599 4194 712 4264 quidem
730 4196 779 4248 sed
797 4199 912 4249 venuste
931 4199 1042 4247 ornatae.
1060 4195 1178 4249 Litteras
1190 4197 1327 4264 capitales,
1345 4197 1446 4265 duplici
1463 4214 1496 4251 ex

304 4264 445 4347 lubusdictis
462 4292 601 4348 coloribus
618 4310 693 4357 usus,
710 4294 905 4347 vermiculatae
921 4293 1059 4361 eleganter
1077 4300 1230 4359 ornaverat,
1248 4296 1433 4364 protrahendo
1450 4314 1498 4363 per

304 4375 421 4444 milhem
432 4392 594 4462 appendicia
606 4399 654 4447 aut
663 4393 805 4447 volumina
817 4392 883 4460 ipsis
895 4390 993 4444 litteris
1008 4398 1101 4457 enata;
1114 4395 1162 4447 secl
1175 4394 1204 4447 hi
1215 4396 1420 4460 ornatus,initio
1432 4412 1498 4464 prm·

304 4471 375 4535 ”stim
384 4494 482 4560 codicis,
494 4499 575 4549 atate
587 4495 765 4564 pallescentes
777 4495 834 4548 lere
846 4495 897 4547 teti
909 4488 1089 4548 evanuerunt.

325 4567 387 4676 .ἳῦΠο
396 4588 505 4649 insiticio
517 4610 598 4649 verso
609 4596 755 4664 inscriptus
774 4600 816 4649 est
832 4609 916 4647 manu
933 4592 1019 4646 seculi
1028 4594 1089 4649 XVl
1103 4595 1183 4649 index
1196 4601 1394 4660 contentorum,
1407 4598 1499 4667 ibique

305 4668 367 4731 ‘¹¹²¹ss
377 4682 503 4747 invenitur
516 4691 625 4763 signum
641 4691 731 4747 musei
744 4691 938 4746 Bollandiani:
956 4689 985 4749 0
1001 4691 1050 4745 bis.
1067 4692 1092 4746 8.
