3270 5400
436 375 529 428 arsa.
548 374 631 428 aaa.
650 374 822 430 aauxauu.
840 397 887 407 -
906 374 987 429 con.
1005 364 1044 426 r⁰
1061 372 1185 426 reos-re.
1380 354 1427 426 83

212 568 342 623 exauditur
353 583 403 637 per
413 568 497 622 beata
508 568 568 636 ejus
580 568 592 603 ⁵
603 569 711 623 merita.
729 568 834 622 Surdus
845 567 857 602 ⁸
868 566 1026 629 adveniens,
1044 566 1114 620 redit
1130 570 1238 635 recepto
1255 564 1350 619 auditu
1361 581 1427 633 gau·

212 667 280 729 deus;
291 682 378 721 cacus
389 666 477 721 sancti
489 666 616 721 solamen
627 683 762 736 quaerens,
776 670 887 735 accepto
900 664 1004 719 lumine
1016 665 1129 734 repedat
1144 664 1240 719 videns
1247 684 1254 728 ;
1273 665 1358 718 allatu
1375 664 1427 732 pri-

213 771 287 829 vatus,
305 764 436 819 affamine
460 771 569 836 recepto
593 765 741 820 revertitur
759 764 852 829 laetum
872 765 1004 819 membris
1025 764 1109 818 etiam
1130 764 1259 817 omnibus
1278 762 1426 816 dissolutus

214 864 323 935 paralysi,
339 864 465 918 antidoto
476 863 571 919 divino
588 869 702 918 curatus
713 863 866 933 regreditur
876 868 968 917 mente
981 862 1090 917 bilant
1108 862 1179 930 Quid
1195 862 1304 931 longius
1314 862 1427 916 morer?

194 970 206 1020 l
216 962 296 1017 timuis
303 962 425 1032 corporis
435 962 589 1026 infirmitas,
599 962 689 1016 omnis
698 961 787 1017 cordis
797 961 968 1016 imbecillitas
976 979 1039 1016 cum
1047 962 1097 1015 Dei
1104 967 1173 1015 nutu
1179 962 1214 1016 ad
1223 961 1310 1016 sancti
1317 966 1427 1016 curatur

218 1067 415 1130 monumentum.
431 1060 493 1116 Non
509 1060 600 1115 solum
610 1065 703 1115 autem
713 1061 761 1116 ubi
773 1060 884 1130 gloriosi
893 1067 969 1115 anus
980 1060 1053 1115 beati
1064 1060 1176 1130 Sulpicii
1187 1060 1308 1130 episcopi
1319 1060 1427 1115 humati

220 1160 346 1226 sunttalia
362 1159 494 1229 patefacit
505 1160 556 1214 Dei
573 1159 772 1229 omnipotentis
786 1161 874 1229 pietas
891 1160 975 1229 signa,
988 1159 1180 1214 verumetiam
1189 1158 1356 1228 ubicumque
1368 1160 1428 1228 ejus

223 1260 332 1314 memoria
343 1259 424 1330 digne
441 1276 473 1313 ac
491 1258 685 1313 venerabiliter
701 1258 863 1323 celebratur,
876 1258 968 1312 cuncti
984 1258 1137 1328 suscipiunt
1153 1258 1197 1312 sui
1212 1258 1271 1312 voti
1287 1258 1428 1321 beneficia,

224 1374 262 1412 uec
269 1359 377 1413 inaniter
388 1358 428 1413 illi
439 1358 551 1428 propria
562 1359 575 1393 ³
586 1358 668 1412 offert
684 1358 766 1412 xenia
784 1357 908 1428 quisquis
926 1357 1043 1412 fideliter
1059 1374 1122 1411 eum
1139 1357 1262 1411 recolens
1274 1361 1428 1412 veneratur.

196 1460 216 1511 tt
226 1457 350 1527 diligamns
361 1474 425 1526 ergo
437 1462 548 1511 sanctas
564 1456 688 1525 ejusdem
701 1456 829 1526 lipsanum,
840 1456 1007 1526 ubicumque
1019 1456 1047 1511 iu
1059 1456 1125 1511 orbe
1142 1456 1263 1511 nancisci
1275 1461 1387 1526 queunt
1396 1473 1429 1510 ac

228 1556 303 1610 humili
317 1573 480 1612 veneremur
497 1556 579 1611 corde
591 1575 597 1610 :
610 1572 674 1625 quo,
683 1560 778 1610 nostro
797 1554 947 1610 delectatus
956 1556 1098 1624 obsequio,
1109 1573 1158 1626 per
1169 1557 1312 1624 adiunctas
1329 1557 1429 1611 nostris

230 1654 445 1724 supplicationibus
456 1671 522 1709 suus
533 1671 625 1708 sacras
634 1671 729 1724 preces
737 1654 817 1708 nobis
826 1653 987 1724 placabilem
997 1655 1093 1709 reddat
1101 1660 1129 1709 et
1138 1655 1285 1724 propitium
1295 1660 1429 1710 aeternum

233 1769 307 1822 repen,
315 1754 462 1809 Dominum
474 1758 600 1808 nostrum
612 1754 706 1807 lesum
720 1753 869 1816 Christum,
886 1753 931 1807 cui
948 1770 1010 1808 curn
1028 1754 1194 1823 sempiterno
1206 1754 1335 1808 Genitore
1347 1760 1430 1824 atque

234 1847 309 1916 Spiritu
325 1853 417 1903 sancto
435 1853 512 1902 extat
528 1847 623 1918 gioria,
640 1847 700 1900 laus
719 1852 746 1901 et
761 1847 890 1915 jubilatio
907 1865 955 1917 per
973 1848 1140 1902 immortalia
1156 1848 1248 1903 secula
1266 1848 1430 1903 seculoruma

202 1950 224 1997 tt
235 1945 307 1999 luen

412 2429 554 2518 XGIII.
583 2428 706 2517 codex
732 2428 920 2540 signatus
944 2448 989 2515 n⁰
1016 2428 1216 2517 7503-18.

265 2641 373 2703 totomm
393 2649 508 2704 omniuo
528 2650 585 2714 283,
603 2649 754 2704 secundum
772 2649 914 2718 antiquam
932 2647 1102 2702 notationem
1116 2648 1210 2717 (quam
1228 2647 1433 2712 securisumus)

242 2736 318 2811 illiti),
327 2748 414 2803 tonnae
425 2748 539 2817 majoris
552 2749 656 2816 (0¹¹¹‚375
670 2756 695 2805 Χ
706 2748 800 2814 0245),
813 2747 949 2802 columnis
960 2747 1040 2811 binis,
1050 2751 1179 2800 constans
1187 2747 1294 2801 duabus
1302 2746 1433 2817 partibus,

243 2851 326 2915 wimar
335 2847 404 2916 pn'or
414 2848 514 2916 (usque
526 2848 561 2901 ad
578 2848 625 2902 iol.
636 2848 679 2912 68)
690 2846 784 2901 seculo
799 2846 857 2909 llll,
875 2845 1011 2915 posterior
1027 2846 1120 2900 seculo
1132 2845 1193 2899 XIV
1206 2850 1318 2900 exarata
1336 2852 1385 2901 est.
1403 2847 1434 2900 ln

243 2936 374 3011 ruodperto
384 2946 456 3001 tituli
474 2946 560 3000 rninio
572 2946 700 3016 descripti
712 2952 784 3010 suut,
801 2947 874 3001 sicut
884 2951 912 3000 et
923 2945 1021 2999 litterae
1035 2944 1161 3010 initiales,
1174 2961 1289 3015 quarum
1303 2962 1358 2999 una
1376 2951 1433 3000 tan·

243 3036 283 3089 ltu
292 3042 343 3097 suits
352 3045 449 3113 ampla,
465 3044 494 3098 in
513 3044 602 3114 capite
622 3046 709 3099 totius
726 3044 835 3110 codicis,
854 3044 981 3099 loliorum
1001 3043 1189 3098 voluminibus
1201 3048 1228 3098 et
1248 3044 1325 3098 vario
1343 3046 1434 3101 colore

244 3129 335 3195 leona
344 3148 389 3209 est,
400 3144 449 3197 sed
458 3160 515 3197 uon
524 3144 674 3197 admodum
684 3144 785 3213 insigni
797 3149 864 3197 arte.
876 3144 908 3198 lu
920 3143 1065 3213 posteriori
1077 3144 1161 3198 etiam
1174 3147 1252 3213 parte
1264 3144 1335 3198 tituli
1348 3145 1435 3199 rubri·

244 3230 345 3304 tatinum
359 3239 455 3296 litterae
474 3257 539 3296 vero
556 3241 676 3296 initiales
693 3242 806 3296 alternae
823 3243 907 3297 rubro
926 3246 953 3295 et
971 3241 1088 3295 caeruleo
1107 3241 1198 3296 colore
1216 3242 1394 3307 distinctoe‚et
1406 3244 1434 3297 in

244 3329 507 3409 ellliltpraacipuorum
525 3340 755 3394 documentorum
776 3339 837 3408 plus
859 3339 952 3393 minus
976 3344 1087 3403 ornatae,
1105 3338 1255 3409 presertim
1277 3340 1323 3393 lol.
1344 3343 1386 3395 70¹
1406 3346 1435 3395 et

245 3420 334 3489 aaran

267 3522 367 3600 lucapite
382 3535 484 3591 codicis
496 3535 554 3600 tlol.
567 3538 593 3590 1³
609 3536 761 3590 secundum
773 3536 953 3590 recentiorem
967 3536 1150 3603 notationem)
1168 3536 1299 3606 inscripta
1315 3543 1358 3592 est
1375 3539 1435 3593 lraec

245 3625 382 3689 ”⁰1²²Cedec
392 3637 425 3689 B.
435 3635 551 3702 Colleyio
561 3636 701 3690 Societutia
711 3637 778 3690 Jesu
789 3637 955 3690 Puderborn.
964 3638 1082 3691 dmrutua
1093 3653 1165 3689 anno
1177 3641 1257 3690 1612:
1264 3640 1386 3704 pervenit
1397 3640 1434 3691 ud

245 3730 337 3781 nurum
351 3733 518 3802 Scriptorum
538 3735 694 3802 Antuerpiu
712 3737 918 3788 eoormututione
937 3735 1074 3787 librorum
1092 3738 1169 3787 -et
1190 3751 1285 3789 rursus
1302 3734 1360 3801 (iol.
1377 3736 1434 3802 ab:

247 3812 326 3889 ΜΝ
337 3830 387 3885 Soc.
397 3835 465 3887 Jeau
477 3833 645 3887 Puderboro.
657 3843 687 3886 ιιο
697 3837 771 3899 1612,
783 3837 810 3887 et
821 3832 875 3886 alia
888 3848 989 3886 manu:
1001 3850 1073 3886 nunc
1084 3836 1289 3888 commutatione
1300 3835 1434 3888 librorum

246 3910 558 3999 lineamentarem.
570 3932 840 4000 &cucumae-p.
853 3932 898 3999 (a).
911 3931 1310 4002 beniqueinterioritegumini
1322 3934 1434 4002 aggluti-
1453 3978 1462 3997 ,

247 4014 397 4161 &stuata
407 4029 514 4099 antiqui
529 4029 615 4084 llusei
633 4029 807 4085 Bollandiani
824 4020 853 4091 Ο
870 4016 926 4087 MS
942 4032 967 4097 3,
979 4047 1040 4099 quae
1057 4035 1085 4084 et
1102 4030 1232 4100 inscripta
1250 4036 1292 4085 est
1308 4032 1354 4085 lol.
1368 4035 1395 4086 lv
1407 4037 1435 4086 et

256 4120 268 4158 0
288 4114 314 4171 ᾖ.

248 4286 320 4357 ‘'lb·
328 4308 355 4369 e.)
366 4321 386 4360 e.
396 4307 422 4361 b.
431 4334 464 4346 -
476 4306 599 4375 ‘nempe
612 4309 676 4361 cdd.
688 4307 741 4345 —l
754 4307 801 4374 (m.
814 4307 853 4374 h.)
862 4307 948 4362 laetus.
956 4335 989 4347 -
1001 4309 1080 4361 ³sua.

273 4448 300 4518 (¹)
308 4458 532 4527 Quiuacilicettria
540 4470 630 4539 prima
639 4468 768 4539 (quorum
779 4469 834 4523 duo
846 4486 934 4523 vacua
951 4469 1046 4523 relicta
1057 4474 1129 4535 sunt,
1142 4471 1264 4539 itemque
1276 4471 1387 4525 tertium
1400 4488 1434 4526 ex

250 4538 381 4630 brisceto
391 4551 514 4607 numeris
531 4556 626 4605 carent
632 4570 639 4617 ;
656 4556 789 4621 praeterea
802 4552 899 4606 lolium
917 4553 950 4605 69
966 4552 1088 4606 excisum
1106 4557 1156 4618 est,
1173 4553 1222 4607 sed
1237 4570 1370 4608 uumerus
1388 4556 1435 4609 187

250 4610 385 4705 tuleram
395 4634 549 4706 inemptus.
560 4662 593 4671 -
605 4634 643 4701 (a)
659 4634 775 4688 summo
792 4634 856 4688 nuic
869 4634 935 4689 roro
949 4634 1078 4705 anscapu
1089 4641 1132 4689 esa
1142 4636 1197 4690 arra
1213 4637 1392 4700 consecuto,
1404 4643 1435 4692 ut

251 4696 336 4773 man,
344 4710 397 4783 llll3
405 4718 453 4773 aed
464 4717 548 4787 hujus
559 4716 657 4772 litterae
669 4717 709 4771 ite
721 4732 810 4772 exesae
820 4722 886 4773 sunt
896 4723 927 4773 ut
936 4718 994 4786 jam
1006 4718 1074 4772 satis
1085 4719 1213 4773 distincte
1223 4717 1277 4788 legi
1288 4724 1435 4789 nequeant.
