3270 5400
205 349 256 423 516
539 371 668 424 aaran
692 372 797 424 mon.
822 371 1101 422 muraenarum

205 563 599 634 mmmmm
615 564 1003 620 dirmimmouhdnloedine
1013 561 1435 619 krknteallamtieumdere

206 662 367 732 niul-quo
386 663 496 719 iabou
514 665 1075 719 diutiuoomnonutesnouminim·
1094 662 1338 733 prdeeauutlta
1356 661 1435 714 hcm

206 760 295 815 lactus
310 764 554 817 meminent.
570 770 682 817 sauctus
697 763 963 832 {menumquam
980 763 1138 816 subidirim
1153 761 1435 831 pmridentiacontu·

206 860 284 923 terat
295 877 358 929 rege
368 866 462 915 umen
473 862 547 916 aliud
567 863 677 916 rdeutc
695 869 724 916 et
743 864 904 932 imperante
915 863 1026 915 Studuit
1043 878 1165 929 namque
1179 862 1358 915 beatisimns
1371 858 1435 912 exul

205 961 384 1015 uenum
392 977 484 1023 muns,
492 963 681 1016 beatissimum
693 962 797 1016 scilicet
807 961 992 1025 laurentum,
1002 961 1116 1014 levitate
1129 961 1293 1028 &trime
1301 980 1309 1012 ε
1317 964 1436 1029 quantu·
1450 962 1467 1011 t

206 1058 383 1128 humusque
392 1059 476 1115 euna
486 1065 580 1129 utpote
590 1062 637 1129 qni
650 1060 754 1114 divitiis
763 1061 897 1119 afflueret,
908 1059 977 1112 leris
987 1065 1048 1112 erat
1057 1065 1086 1111 et
1096 1059 1206 1111 vineam
1219 1058 1278 1119 Dei,
1288 1073 1436 1125 congrega·

206 1156 309 1210 usum
323 1157 450 1212 uidelicet
464 1158 596 1221 fidetium
611 1175 696 1227 qnam
707 1164 802 1211 sancta
818 1158 906 1211 sancti
923 1158 1059 1210 adabaldi
1073 1159 1137 1210 aria
1153 1156 1297 1210 Guuudis
1313 1157 1383 1209 inibi
1400 1156 1435 1208 ad

204 1256 379 1311 muudum
393 1257 649 1319 Deucellooercrat
667 1274 779 1311 ramere
795 1259 918 1311 mriutis
928 1257 1072 1311 excolere:
1092 1259 1116 1310 si
1133 1273 1196 1324 quae
1213 1272 1280 1309 rem
1296 1255 1437 1324 superflua

204 1354 397 1417 excrerinncnt,
407 1355 666 1424 pistrecnrdatienis
682 1355 791 1408 sarculo
808 1371 939 1408 reseoerc.
950 1354 1218 1422 Fructifioehateigo
1235 1354 1264 1407 iu
1281 1354 1367 1406 domo
1384 1353 1435 1406 nei

204 1450 275 1504 deut
289 1452 372 1513 utin,
382 1458 467 1522 atque
478 1453 531 1506 bec
543 1454 571 1506 in
582 1453 644 1505 loco
656 1469 712 1506 non
724 1453 816 1506 miuus
826 1470 911 1521 quarn
929 1454 958 1506 in
975 1453 1039 1506 aliis
1056 1453 1169 1506 odorem
1187 1453 1334 1538 suavitatis
1346 1452 1436 1505 effun-
1454 1455 1481 1503 u

203 1550 280 1614 oens,
290 1552 411 1606 einata
421 1553 594 1622 predicando
606 1553 718 1621 {rigidos
729 1553 915 1607 calefaciebat.
932 1555 1016 1606 tortoe
1032 1560 1125 1606 autem
1138 1554 1167 1606 in
1184 1553 1232 1606 Dei
1249 1553 1363 1605 servitio
1381 1553 1436 1605 lor-

204 1649 289 1705 tiores
302 1652 443 1706 reddebat

245 1748 279 1807 9,
300 1741 479 1804 Butuntum
497 1756 589 1803 autem
613 1748 782 1811 humens,
802 1749 886 1802 irater
907 1751 1033 1818 superius
1058 1750 1264 1803 nominatarum
1285 1749 1435 1817 virginum,

205 1845 342 1900 interdurn
354 1845 437 1913 hujus
447 1845 534 1898 medi
546 1843 666 1897 consocii
678 1843 729 1907 sui,
744 1844 835 1896 Amati
848 1845 976 1913 episcopi,
986 1851 1014 1897 et
1029 1850 1141 1898 actuum
1159 1843 1288 1913 exemplo
1299 1849 1328 1897 et
1344 1842 1435 1897 erudi·

206 1943 290 1998 fluuio
300 1944 454 1997 uinetautia
463 1944 615 2004 roboratus,
623 1944 705 2011 eoepit
716 1959 779 1996 curn
791 1949 879 1996 matre
889 1960 938 1995 sua
951 1948 1046 1996 sancta
1055 1943 1187 1997 Rictrude
1198 1944 1233 1996 dc
1245 1942 1371 2010 prolecto
1380 1958 1438 1995 sure
1455 1948 1481 1996 tt

100 2096 108 2111 ,
207 2039 323 2095 iniussn
336 2042 432 2095 salutis
442 2047 614 2110 pertractare,
625 2047 653 2095 et
665 2046 695 2095 ut
706 2058 736 2094 se
746 2057 852 2109 suaque
861 2043 955 2095 omnia
967 2042 1086 2095 Domino
1097 2045 1111 2072 ⁸
1122 2047 1324 2101 consecrarent,
1334 2041 1438 2094 instan-

112 2162 118 2176 ·
207 2139 311 2194 tiniam
322 2139 468 2193 eobortari,
480 2140 541 2206 (lua
552 2140 586 2193 de
597 2157 627 2193 re
638 2145 733 2201 mater,
744 2141 796 2193 etsi
808 2142 928 2194 exterius
939 2141 1027 2193 filium
1037 2142 1072 2193 ad
1084 2141 1137 2194 boe
1149 2141 1319 2194 devotiorem
1333 2140 1437 2208 aliqua·

206 2242 286 2293 uuus
304 2244 448 2309 reputaret,
460 2244 552 2292 umen
570 2240 685 2293 interius
700 2238 851 2296 laetabatur.
868 2244 964 2308 utpote
980 2257 1042 2308 quae
1058 2239 1217 2307 hujusmodi
1235 2239 1372 2292 desiderio
1390 2238 1438 2291 diu

203 2339 260 2407 lam
273 2355 388 2392 accensa
399 2338 550 2392 inardebat.
561 2338 687 2391 Gaudent
695 2339 829 2407 siquidem
842 2339 933 2401 ambo,
945 2345 1035 2392 mater
1042 2340 1077 2391 de
1085 2339 1134 2392 filii
1142 2339 1279 2400 suasione,
1285 2338 1360 2391 tilius
1370 2353 1437 2391 vero

205 2437 480 2506 &rriutriuquamuis
489 2437 759 2490 tardacoucessionc.
771 2437 855 2506 igitur
871 2437 899 2490 iu
918 2454 987 2506 pago
999 2436 1166 2505 blenapensi,
1178 2438 1207 2490 iu
1219 2437 1305 2490 tundo
1317 2452 1370 2489 suo
1389 2435 1436 2504 qui
1452 2440 1481 2491 te

207 2534 313 2591 Breilua
324 2536 431 2599 dicitur,
439 2536 581 2589 ecclesiam
592 2541 810 2599 construxerunt,
819 2553 902 2604 quam
912 2536 940 2589 in
951 2537 1058 2590 bonore
1067 2535 1218 2589 beatissimi
1228 2535 1360 2604 principis
1370 2551 1436 2603 apo·

205 2633 338 2689 sutorum
358 2634 429 2689 Petri
448 2637 600 2689 consecrari
619 2653 636 2688 a
647 2635 704 2688 Deo
722 2635 833 2688 amabili
851 2635 951 2688 Amato
964 2635 1092 2704 pontifice
1104 2635 1292 2697 obtinuerunt,
1305 2634 1436 2704 plurima·

206 2750 259 2805 que
271 2750 328 2787 sure
340 2734 520 2804 possessionis
531 2734 633 2788 ibidem
645 2735 764 2788 Domino
776 2734 959 2788 contulerunt.
969 2734 1066 2787 Visum
1082 2740 1122 2788 cst
1135 2734 1218 2788 etiarn
1235 2735 1309 2787 bono
1326 2733 1436 2802 dispen-

206 2832 299 2897 satori,
308 2833 453 2887 ltaurunte
461 2833 560 2898 leuitas,
569 2838 596 2886 et
607 2835 726 2902 praelatae
735 2832 866 2894 Rietrudi‚
875 2832 960 2901 ipsius
968 2833 1092 2902 genitrici
1102 2851 1195 2897 sacrae,
1203 2834 1335 2901 quatinus
1344 2833 1435 2886 eidem

206 2931 335 2998 sulcate,
346 2948 429 3000 (quarn
442 2932 563 3002 ipsorum
572 2932 699 3001 precibus
710 2932 767 3000 ipse
777 2936 889 2984 sanetus
906 2933 1028 3001 pontifex
1041 2933 1161 2986 Domino
1173 2932 1358 2995 dedicaverat,
1369 2948 1437 3000 prte-
1452 2936 1481 2987 u

207 3031 340 3093 liceretur,
352 3047 382 3085 ee
393 3048 530 3100 suumque
541 3031 673 3100 praedium
686 3048 734 3099 per
748 3031 823 3084 illum
841 3032 989 3084 offerentes
1003 3031 1153 3093 Altissimo‚
1163 3036 1193 3084 ut
1205 3032 1233 3084 in
1245 3031 1362 3099 hacope
1374 3029 1436 3084 freti

206 3129 314 3185 eoelleau
332 3130 425 3184 valvus
442 3137 612 3184 mererentur
629 3130 731 3198 ingredi
750 3130 777 3183 in
795 3130 891 3184 mortis
908 3130 1035 3184 confinio.
1055 3131 1176 3183 Peractis
1193 3134 1286 3183 autem
1305 3130 1437 3183 omnibus

206 3246 268 3300 quse
277 3229 430 3284 necessaria
439 3229 578 3292 intellexit,
588 3230 685 3282 beatus
696 3229 780 3281 levita
788 3229 822 3282 ad
835 3234 960 3282 sanctum
973 3229 1115 3298 praesulem
1129 3246 1267 3298 regressus
1283 3234 1338 3293 est;
1349 3229 1437 3296 qued·

207 3344 261 3398 que
271 3329 371 3383 laetum
382 3333 442 3382 erat
453 3329 583 3393 iudicans,
595 3328 685 3382 locum
699 3328 787 3397 ipsum
801 3330 864 3382 vitae
879 3345 962 3397 quem
975 3328 1022 3382 diu
1031 3334 1174 3397 optaverat
1185 3329 1360 3397 aptissimum
1375 3328 1435 3383 iuti·

207 3428 540 3498 nrauit.0ptuveruteninr
553 3434 633 3482 antea
651 3444 773 3482 seorsum
785 3445 802 3480 a
814 3429 894 3481 turba
906 3429 1041 3482 removeri
1060 3445 1213 3497 corpusque
1230 3428 1307 3482 omni
1325 3429 1437 3498 negotio
1453 3429 1481 3479 tt

207 3525 362 3580 obuolutum
373 3526 421 3580 Dei
432 3527 544 3581 servilio
553 3527 638 3580 artirrs
646 3525 835 3596 mancipari.0
846 3528 965 3581 veridica
974 3533 1001 3580 et
1010 3544 1073 3580 vere
1082 3528 1219 3580 credibilis
1227 3528 1339 3582 Domini
1349 3527 1436 3582 nostri

207 3625 271 3679 Jeru
284 3623 383 3679 Christi
395 3625 561 3695 predicatio.
572 3627 619 3695 qui
637 3627 776 3696 discipulis
794 3628 850 3681 suis
867 3626 1027 3694 cunctisque
1044 3627 1172 3695 deinceps
1189 3627 1245 3679 suis
1263 3627 1437 3681 amatoribus

209 3723 401 3787 manifestavit,
418 3723 511 3777 diceus
524 3743 530 3777 :
544 3726 732 3793 Quodcumque
742 3728 875 3793 petieritis
893 3726 1000 3778 Putrem
1019 3726 1047 3776 iu
1064 3727 1172 3777 nomine
1188 3742 1251 3785 meo,
1263 3726 1339 3777 dabit
1356 3727 1436 3778 nebia.

208 3822 250 3876 nt
268 3822 320 3875 boe
333 3822 414 3877 etiarn
428 3824 659 3890 perseverantiam
673 3823 781 3885 doeens,
794 3821 965 3876 exhortando
978 3838 1026 3875 eos
1038 3821 1123 3875 dixit:
1142 3823 1224 3874 Petite
1240 3829 1264 3875 et
1281 3824 1437 3890 noemmin·

208 3921 318 3990 quarite
334 3928 357 3972 et
375 3922 531 3984 taruanicam
546 3922 653 3988 pulsate
671 3929 695 3972 et
712 3922 851 3987 aperietur
870 3921 949 3974 vebis.
969 3919 1047 3983 Eece,
1066 3917 1172 3987 praesul,
1193 3917 1267 3986 quod
1287 3918 1438 3985 quaesieras
1452 3922 1481 3974 ld

210 4017 344 4072 invenisti.
363 4017 454 4071 llubcs
472 4035 591 4087 namque
608 4018 737 4081 custodis,
755 4020 840 4072 irnrno
858 4017 938 4085 servi,
955 4017 1139 4086 procuratoris
1155 4016 1367 4086 suggestionem,
1385 4018 1436 4071 loci

209 4116 442 4186 preparationem.
455 4117 585 4185 temporis
603 4118 843 4186 opportunitatem.
856 4116 963 4170 Festina
981 4132 1054 4184 erge,
1071 4132 1105 4169 ne
1124 4116 1223 4180 tardes,
1239 4116 1331 4169 locum
1350 4116 1436 4186 ingre·

209 4215 282 4280 dere,
291 4215 337 4269 ubi
350 4220 403 4269 turn
415 4217 639 4285 peregrinationis
652 4216 884 4286 longiturnitatem
898 4215 1072 4269 determines.

253 4314 309 4372 10.
335 4314 439 4369 llellcto
456 4312 548 4381 itaque
565 4313 701 4367 Hanratiei
719 4313 852 4377 eoenobio,
863 4329 947 4366 saeroe
959 4312 1080 4365 lldelium
1094 4311 1263 4365 multitudini
1275 4328 1339 4366 cum
1354 4313 1437 4366 bene·

210 4413 329 4469 illatione
349 4411 422 4482 pncia
444 4411 566 4480 prebens
588 4412 689 4477 oscula,
708 4427 786 4464 sacer
803 4409 901 4479 praesul
921 4410 1054 4473 educitur,
1074 4408 1252 4478 Broilumque
1280 4411 1437 4478 perductus,
1452 4413 1481 4466 Ρ

210 4517 311 4567 riunena
321 4508 458 4563 llictruilia
469 4525 531 4562 eunt
540 4508 690 4563 beatissimi
703 4508 842 4562 Marunti*
857 4524 912 4561 non
924 4507 1040 4561 minima
1050 4506 1189 4575 petitione,
1200 4505 1237 4559 rei
1249 4505 1436 4573 gubernande

211 4610 363 4679 prulleitur.
374 4608 424 4661 (lui
436 4607 517 4661 etiarn
532 4608 589 4677 ipse
600 4607 741 4662 carrltatiua
755 4606 939 4661 familiaritate
948 4606 1114 4670 deserviens,
1123 4610 1181 4658 tnta
1191 4605 1276 4659 animi
1287 4605 1435 4661 devotione

210 4708 359 4777 sutijicitur.
371 4706 438 4761 lllm
449 4706 559 4775 quidem
570 4712 597 4760 et
606 4707 742 4761 laudanda
754 4706 904 4772 humilitas,
916 4704 1058 4760 dominum
1069 4705 1168 4759 domus
1180 4705 1218 4758 sle
1235 4704 1396 4774 alienigenae
1408 4705 1435 4760 in
