3338 5394
281 356 376 409 BIBL.
392 353 475 408 nno.
493 353 669 407 Bnoxnnn.
686 376 735 386 -
751 354 901 409 APPEND.
918 356 966 410 ΔΙ)
983 355 1064 409 COD.
1082 345 1120 408 ΝΟ
1135 354 1258 410 860940.
1313 333 1386 411 225

159 561 220 601 esse
237 544 289 610 sui,
310 545 359 599 sed
376 561 475 600 somno
494 545 622 615 letargico
634 540 680 599 vel
691 544 783 614 potius
796 544 897 599 ficticio
916 545 1086 615 praegravari
1097 545 1150 599 Sed
1163 532 1228 615 quid
1239 545 1274 600 ad
1290 562 1336 601 mo
1352 543 1387 601 de

167 644 263 701 alienis
278 644 452 699 conscientiis
465 643 610 713 judiearet
626 643 733 699 iudicet
751 643 844 713 potius
854 659 884 697 se
895 642 994 712 ipsum,
1014 643 1062 711 qui
1078 659 1108 697 se
1126 642 1224 699 iubae
1240 648 1317 715 parte
1333 645 1388 701 cul·

164 743 282 815 pabilem
302 742 449 813 cognoscit,
460 759 511 797 nec
527 748 632 798 temere
648 743 832 813 reprehendat
849 741 1076 812 omnipotentiam
1094 742 1212 808 Domini,
1226 743 1274 812 qui
1290 760 1387 800 secun-

164 843 229 898 dnm
245 841 446 912 beneplacitum
459 841 607 896 voluntatis
617 859 674 896 suae
688 842 852 912 quibusdam
861 841 983 896 fidelium
994 857 1106 896 suorum
1119 841 1317 912 privilegiatam
1331 859 1387 913 prce

124 946 140 998 δ
158 945 257 1000 ceteris
267 942 394 1013 dignatur
404 940 519 1011 gratiam
533 939 674 1010 impertiri

196 1045 294 1099 Ultimo
310 1043 388 1096 aerbo
404 1059 463 1110 cap.
480 1042 539 1095 XX
550 1043 614 1096 odd.
630 1060 640 1095 :

190 1143 231 1197 Ex
246 1141 292 1196 his
309 1157 373 1210 quae
385 1139 527 1209 praemissa
538 1145 603 1194 sunt
619 1138 749 1209 perpendi
760 1143 858 1210 potest,
869 1140 935 1209 quia
952 1145 1047 1194 sancta
1058 1140 1168 1195 devotio
1177 1140 1288 1211 virginis
1304 1142 1387 1211 hujus

157 1254 287 1308 magnam
310 1237 408 1306 ingerit
428 1235 618 1291 confusionem
643 1235 737 1292 multis
759 1236 1031 1292 sacerdotaliolllcio
1050 1238 1315 1308 proeditis,ma1ime
1334 1241 1386 1295 snb

157 1340 256 1395 babitu
274 1337 421 1409 religionis,
438 1338 484 1408 qui
502 1337 624 1408 quotidie
641 1337 802 1392 aecedentes
819 1338 854 1392 ad
871 1337 957 1392 altare
977 1342 1008 1392 ut
1025 1342 1220 1407 repraesentent
1235 1339 1293 1392 Deo
1313 1338 1387 1393 Patri

108 1437 139 1490 tt
158 1455 208 1510 pro
224 1438 311 1493 salute
325 1436 453 1492 Ecclesiae
464 1441 666 1492 sacrosanctam
678 1436 816 1506 Unigeniti
833 1437 892 1506 ejus
909 1437 1073 1506 passionem,
1090 1437 1180 1491 dulcia
1190 1436 1275 1491 verba
1286 1453 1347 1506 qnae
1358 1435 1387 1492 iu

156 1551 263 1591 canone
279 1535 430 1591 recitantur
447 1535 529 1588 corde
546 1534 669 1592 arideet
685 1533 745 1589 sine
760 1534 907 1589 devotione
924 1539 1100 1603 percurrunt;
1117 1534 1163 1604 qui
1181 1539 1245 1588 ante
1256 1533 1388 1591 dominici

157 1634 280 1704 eorporis
304 1640 331 1689 et
349 1632 490 1703 sanguinis
509 1632 712 1703 perceptionem
731 1632 776 1687 vel
795 1639 898 1704 postea,
918 1633 1015 1687 saltem
1035 1632 1205 1702 aliquantula
1224 1633 1387 1688 contritione

158 1731 243 1786 eorda
254 1747 306 1785 sua
316 1730 435 1785 Domino
448 1747 601 1801 praeparare
613 1736 696 1799 atque
713 1730 883 1784 sanctificare
894 1729 1041 1800 negligunt
1052 1730 1080 1785 Si
1091 1730 1210 1785 dixerint
1227 1750 1233 1785 :
1250 1734 1388 1800 Prosperes

157 1846 260 1897 mmm,
268 1847 322 1884 non
338 1836 376 1883 est
384 1830 462 1883 nobis
479 1837 559 1883 tanto
568 1832 666 1897 pretia
676 1831 762 1897 eopia,
774 1837 877 1897 quanto
887 1831 943 1896 fuit
954 1832 984 1883 in
996 1832 1098 1884 ancillo
1109 1831 1213 1884 Christi
1222 1831 1283 1897 Ida,
1292 1844 1388 1884 verum

108 1931 141 1982 to
160 1944 221 1984 esse
231 1944 288 1982 non
300 1927 400 1982 abnuo.
412 1927 465 1982 Sed
480 1933 573 1981 tamen
591 1928 701 1982 eumad
717 1943 843 1982 mensam
860 1927 953 1982 altaris
970 1944 1027 1982 non
1038 1927 1089 1982 nisi
1107 1945 1170 1982 cum
1186 1928 1320 1983 sacrificio
1336 1927 1388 1999 piae

159 2026 314 2082 devotionis
325 2027 510 2081 accedendum
528 2026 571 2090 sit,
582 2027 656 2095 J'uste
673 2026 791 2081 arbitror
802 2042 897 2081 eorum
910 2026 1080 2096 negligentia
1097 2031 1125 2081 et
1141 2027 1244 2096 torpori
1256 2028 1389 2097 deputan-

158 2126 234 2192 dum,
245 2126 321 2195 quod
336 2125 372 2179 ad
383 2125 566 2181 hauriendam
584 2125 767 2195 lacrymarum
784 2142 885 2196 aquam
898 2125 988 2197 tepide
999 2126 1167 2193 accedentes,
1178 2143 1234 2182 non
1245 2126 1390 2183 inveniunt

159 2241 261 2295 aquam
274 2229 301 2279 et
318 2229 459 2294 reportant
477 2242 545 2279 vasa
556 2242 608 2279 sua
619 2241 714 2280 vacua.
726 2225 825 2279 Petant
840 2223 922 2294 igitur
939 2225 985 2295 qui
1003 2225 1139 2294 eiusmodi
1155 2231 1220 2280 sunt
1236 2243 1253 2280 a
1269 2227 1387 2282 Domino

161 2324 276 2395 gratiam
290 2323 453 2389 devotionis,
465 2329 493 2378 et
505 2324 580 2392 quod
591 2324 718 2394 petierint
730 2328 932 2393 consequentur
937 2343 944 2388 ;
956 2324 979 2379 si
991 2328 1158 2379 tamencum
1170 2324 1246 2378 omni
1257 2324 1389 2381 instantia

107 2422 143 2475 tt)
161 2423 312 2478 totocorde
323 2422 504 2477 clamaverint
514 2424 549 2476 ad
559 2422 717 2488 Dominum,
729 2427 756 2477 et
767 2421 922 2477 voluntates
933 2439 1029 2478 eorum
1041 2440 1059 2477 a
1069 2422 1211 2477 voluntate
1218 2423 1269 2478 Dei
1280 2423 1389 2493 penitus

158 2536 215 2577 non
226 2520 390 2575 discordent

199 2620 299 2674 Ultimo
315 2620 393 2674 aerbo
409 2637 467 2687 cop.
485 2620 575 2673 XXII
586 2621 673 2674 cdd:-

194 2715 281 2772 liemo
299 2716 380 2786 igitur
397 2717 520 2786 ambigat
536 2733 570 2771 ex
591 2716 639 2772 illa
656 2721 751 2771 saneta
767 2715 949 2771 collocutione
967 2721 995 2770 et
1010 2716 1146 2787 pracipes
1161 2733 1196 2771 ex
1212 2717 1389 2788 privilegiatis

162 2816 268 2871 ancillae
280 2815 381 2871 Christi
398 2815 504 2870 meritis
523 2816 665 2871 candelam
677 2816 783 2870 tamdiu
794 2815 964 2870 ministrasse
981 2815 1074 2870 lumen
1090 2832 1172 2870 suum
1184 2833 1235 2871 nec
1249 2816 1388 2883 deiecisse,

106 2915 141 2968 ὓ
161 2915 397 2986 quemadmodum
410 2916 610 2970 adorationem
623 2916 706 2970 iosue
717 2915 758 2969 sol
775 2914 851 2969 stetit
864 2914 1013 2969 immobilis
1025 2914 1053 2969 in
1063 2915 1157 2969 medio
1169 2914 1237 2982 eceli,
1246 2932 1296 2971 nec
1307 2916 1388 2972 deeli-

158 3015 236 3070 navit
253 3015 288 3069 ad
306 3030 433 3069 occasum
452 3015 540 3069 donec
559 3015 643 3069 Israel
653 3019 866 3084 consequeretur
877 3013 1019 3068 victoriam
1037 3015 1071 3069 de
1087 3013 1205 3069 inimicis
1215 3015 1281 3070 suis.
1297 3015 1326 3070 Si
1342 3018 1387 3072 cni

160 3111 231 3165 forte
243 3110 368 3165 videatur
377 3110 535 3165 incredibile
545 3127 676 3180 sponsam
687 3111 786 3165 Christi
798 3115 854 3165 tam
866 3110 1032 3165 luminosam
1045 3110 1128 3164 luisse
1137 3111 1263 3177 externis,
1271 3118 1303 3168 ut
1314 3112 1386 3169 clare

158 3208 263 3264 videret
274 3210 309 3264 de
327 3213 416 3276 noete,
433 3211 598 3279 respondeat
613 3209 683 3264 mihi
696 3214 787 3264 utrum
799 3208 894 3263 lumen
905 3209 978 3275 solis,
989 3226 1044 3278 quo
1057 3209 1084 3264 in
1096 3210 1150 3264 boc
1162 3211 1266 3265 mundo
1278 3216 1384 3267 tanturn

160 3309 339 3379 corporaliter
363 3308 488 3373 fruimur,
512 3309 616 3363 lumine
639 3309 810 3377 divinoque
836 3308 935 3362 animae
954 3308 1068 3363 interius
1087 3308 1276 3364 illuminantur
1295 3312 1385 3380 majus

106 3409 141 3462 20
159 3406 285 3461 minusve
297 3407 351 3462 sit?
368 3407 396 3462 Si
410 3408 509 3463 dixerit
528 3408 622 3463 lumen
639 3407 705 3462 solis
722 3409 812 3476 maius
828 3424 887 3462 esse
905 3408 1008 3462 lumine
1025 3407 1128 3474 divino,
1138 3409 1214 3477 quod
1231 3410 1341 3465 eredere
1358 3417 1386 3466 et

158 3504 249 3562 dicere
265 3506 381 3561 omniuo
401 3506 549 3562 absurdum
571 3511 613 3561 est
630 3527 636 3562 :
653 3506 798 3562 manifeste
815 3511 910 3560 contra
927 3507 1016 3560 Deum
1033 3510 1061 3560 et
1080 3507 1140 3575 ejus
1157 3506 1385 3576 omnipotentiam

158 3618 237 3673 agere
261 3603 408 3659 videbitur.
430 3605 499 3659 Cum
522 3604 607 3658 etiam
625 3603 720 3659 oculus
740 3605 755 3636 *
774 3603 882 3669 anima,
904 3620 959 3673 quo
976 3603 1128 3673 spiritualia
1144 3594 1279 3672 videntur,
1304 3605 1385 3661 oculo

159 3703 289 3772 corporis,
302 3720 359 3773 quo
368 3703 496 3759 videntur
504 3703 664 3774 corporalia,
673 3703 760 3758 multo
771 3703 887 3758 lucidior
895 3719 954 3757 esse
963 3705 1165 3773 comprobetur.
1174 3704 1202 3759 Si
1211 3721 1276 3759 vero
1286 3704 1386 3761 dixerit
1491 3717 1493 3721 ’
1525 3677 1531 3690 ’
1548 3719 1555 3734 ·

157 3799 252 3856 lumen
260 3800 328 3856 solis
339 3801 445 3856 nullam
454 3801 558 3856 habere
567 3801 799 3871 comparationem
813 3802 848 3856 ad
860 3801 954 3856 lumen
965 3800 1097 3868 divinum,
1111 3804 1186 3873 quod
1197 3807 1295 3859 cuncta
1305 3819 1384 3873 supe

104 3900 141 3954 35
156 3897 231 3951 riora
247 3901 275 3951 et
287 3897 425 3963 inferiora,
442 3902 542 3953 cuneta
558 3898 690 3954 interiora
707 3901 735 3952 et
746 3898 882 3953 exteriora
892 3902 1017 3967 penetrat
1028 3904 1056 3953 et
1072 3899 1204 3955 illustrat:
1215 3905 1281 3955 tunc
1290 3900 1385 3969 procul

159 3995 243 4050 dubio
252 3995 333 4051 facile
343 3995 484 4066 intelliget,
492 4013 544 4051 nec
562 3997 699 4053 videbitur
715 3996 741 4051 ei
757 3996 915 4051 incredibile
926 3997 1014 4051 Deum
1027 3998 1074 4067 qui
1085 4003 1128 4053 est
1138 4016 1278 4054 summum
1289 3999 1384 4054 lumen

157 4091 299 4149 luminum
310 4095 416 4150 lumine
424 4111 476 4150 suo
488 4095 607 4150 mirabili
620 4095 747 4151 dilectam
760 4112 838 4150 suam
853 4095 967 4150 interius
977 4101 1006 4150 et
1017 4097 1136 4151 exterius
1146 4097 1311 4152 luminosam
1323 4098 1384 4152 red-

156 4189 266 4246 didisse

194 4290 294 4344 Ultimo
311 4291 389 4344 ocrbo
405 4309 463 4360 cap.
480 4292 581 4345 XXIV
593 4294 657 4346 odd.
670 4310 681 4345 .·

102 4392 138 4446 4⁰
191 4386 286 4442 Bonam
297 4394 339 4442 est
348 4405 411 4443 vere
424 4389 557 4445 Dominus
567 4390 741 4459 sperantibus
750 4390 778 4444 in
789 4406 862 4456 eum,
870 4389 969 4444 anima
978 4392 1112 4461 quaerenti
1123 4392 1208 4459 illum,
1217 4392 1264 4462 qui
1274 4393 1383 4447 ethune

155 4501 267 4541 semum
277 4502 358 4542 snum
370 4488 513 4544 occasione
525 4489 702 4559 precedentis
714 4489 827 4545 visionis
838 4490 890 4544 hac
901 4489 1030 4545 molestia
1039 4491 1199 4545 tentationis
1209 4492 1343 4556 liberavit,
1355 4496 1383 4546 et

156 4584 183 4639 ei
196 4584 360 4640 venerabilis
368 4587 423 4642 ldae
432 4588 633 4644 sanctissimam
646 4588 804 4659 religionem
814 4589 957 4659 dignanter
968 4589 1124 4644 declaravit.
1135 4591 1169 4644 Et
1179 4607 1215 4645 ne
1226 4590 1287 4661 quis
1298 4590 1383 4645 ambi·

255 4766 349 4808 caran.
364 4768 445 4810 saux.
461 4770 523 4810 rora
539 4771 567 4810 n
1253 4757 1285 4813 to
