3338 5394
315 335 362 408 26
651 358 775 410 cerac.
801 358 904 411 cono.
931 357 1204 409 aaarocnnrrnc.

316 545 528 599 cambeatorum
538 546 726 615 apostolorum
736 548 889 602 sivesancti
899 547 1026 616 Supplicii
1037 548 1276 617 confessorisque
1288 552 1330 600 est
1342 551 1496 600 constructa
1508 547 1538 601 in

315 645 440 714 proxima
457 644 790 714 villa‚quael³01neriolas
801 650 923 700 vocatur.
939 646 981 700 lbi
993 647 1091 700 debitis
1108 647 1251 700 celebratis
1268 646 1413 700 missarum
1431 646 1536 711 ciliciis,

315 741 480 809 sepelierunt
494 758 555 795 eam
567 742 717 796 honorilice
730 743 757 796 in
769 742 881 797 basilica
889 743 995 796 eadem.
1197 741 1199 744 ’

359 837 416 896 22.
447 840 514 893 Cum
526 845 617 893 autem
627 840 770 892 humatum
782 839 818 892 ibi
831 840 991 908 corpusjam
1001 838 1117 893 triennio
1129 839 1284 906 quievisset,
1296 839 1388 893 diviua
1399 840 1493 908 pietas,
1503 854 1537 893 ne

316 938 377 992 talis
389 938 538 991 thesaurus
548 936 576 989 in
586 952 649 1004 agro
662 935 837 989 absconditus
846 935 944 989 lateret
952 936 1061 1001 diutius,
1069 941 1097 988 et
1108 941 1139 989 nt
1149 941 1255 989 mentes
1264 952 1374 988 suorum
1385 935 1538 989 imitatione
1554 946 1569 994 5

317 1050 400 1087 sacrae
418 1034 531 1103 virginis
543 1034 630 1101 magis
645 1050 676 1086 ac
687 1033 773 1101 magis
785 1033 899 1101 erigeret
910 1034 1008 1086 robore
1020 1033 1098 1086 bonae
1111 1033 1285 1103 operationis,
1297 1048 1357 1085 eam
1370 1049 1451 1101 quam
1465 1032 1537 1101 apud

317 1148 429 1200 superos
439 1133 496 1199 jam
511 1132 611 1185 coelesti
628 1132 714 1200 gloria
725 1132 893 1196 sublimarat,
904 1131 986 1185 etiarn
1005 1133 1076 1200 apud
1093 1131 1220 1184 homines
1231 1132 1317 1199 gratia
1328 1148 1378 1185 sua
1389 1131 1442 1184 hoc
1454 1131 1537 1185 modo

319 1228 467 1282 clarificare
480 1228 591 1282 curavit.

358 1324 417 1384 23.
441 1329 505 1380 Erat
517 1327 545 1379 in
560 1324 714 1393 supradicto
728 1325 789 1378 loco
802 1324 901 1393 degens
913 1325 1037 1392 quaedam
1050 1324 1155 1386 mulier,
1167 1321 1333 1377 Amaltrudis
1342 1324 1538 1393 nomineque,

318 1426 396 1493 longe
406 1430 468 1478 ante
480 1423 608 1477 defuncto
620 1422 727 1485 marito,
736 1427 846 1490 propter
856 1421 1013 1474 aeternitatis
1028 1426 1054 1474 et
1067 1420 1141 1488 regni
1152 1420 1236 1474 futuri
1253 1421 1469 1489 expectationem
1479 1421 1538 1475 reli·
1558 1439 1587 1486 iq

318 1525 393 1593 giosa
405 1523 527 1591 pollebat
539 1520 685 1584 viduitate;
695 1524 723 1572 et
734 1520 769 1572 ab
786 1521 845 1587 ipsa
856 1519 978 1581 ecclesia,
990 1535 1072 1587 quam
1085 1519 1201 1586 propriis
1216 1518 1371 1586 sumptibus
1388 1519 1416 1572 in
1433 1519 1539 1571 honore

319 1624 474 1673 sanctorum
490 1618 675 1688 apostolorum
688 1617 760 1670 Petri
772 1621 799 1670 et
810 1617 887 1670 Pauli
899 1621 927 1669 et
937 1617 1024 1669 sancti
1035 1616 1164 1684 Supplicii
1176 1616 1340 1669 contessoris
1350 1616 1539 1680 edificaverat,

320 1717 418 1787 vigiliis
430 1724 457 1771 et
470 1718 641 1771 orationibus
653 1717 760 1770 assidue
773 1732 881 1780 vacans,
892 1731 947 1769 non
960 1715 1010 1768 nisi
1026 1716 1061 1768 ad
1073 1716 1155 1768 breve
1167 1715 1329 1768 discedebat.
1341 1715 1405 1768 Haec
1417 1731 1480 1769 cum
1492 1715 1539 1768 ali·

320 1817 438 1884 quando,
448 1817 549 1869 talibus
560 1817 663 1869 intenta
673 1815 904 1879 meditationibus,
915 1815 976 1883 plus
987 1814 1076 1879 solito,
1088 1819 1119 1868 ut
1130 1831 1201 1883 saepe
1213 1815 1311 1877 evenit,
1323 1818 1501 1882 pernoctaret,
1513 1818 1541 1867 et

320 1914 455 1984 completa
471 1914 601 1983 pensione
613 1915 711 1967 debite
727 1914 872 1978 servitutis,
889 1931 985 1982 parum
1003 1914 1075 1967 fessa
1091 1914 1216 1966 membra
1233 1913 1316 1981 quieti
1334 1913 1460 1973 dedisset
1472 1929 1539 1966 voce
1559 1927 1588 1976 ta

319 2013 396 2082 lapsa
413 2015 446 2067 de
467 2013 581 2067 summis
601 2013 730 2067 divinitus
750 2019 921 2067 ammonetur
938 2018 975 2077 ut,
992 2013 1214 2066 Cameracensem
1233 2012 1397 2080 episcopum,
1415 2016 1540 2065 sanctum

320 2112 519 2175 vindicianum,
531 2112 633 2175 adienS,
645 2113 811 2180 suggerendo
821 2112 982 2166 fiducialiter
991 2128 1054 2165 eum
1064 2116 1229 2176 ammoneat,
1238 2110 1367 2178 quatinus
1376 2111 1427 2162 sibi
1437 2110 1541 2164 coelitus

320 2208 450 2262 emissum
464 2225 519 2261 non
532 2213 674 2261 cunctetur
685 2225 735 2261 nec
752 2208 858 2261 diflerat
874 2209 1011 2276 complere
1028 2209 1197 2262 mandatum.
1209 2209 1267 2262 Hoc
1280 2208 1351 2262 enim
1365 2208 1472 2261 noverit
1482 2207 1542 2261 sine

321 2307 405 2362 dubio
416 2305 525 2374 placere
538 2308 602 2370 Deo,
612 2312 642 2360 ut
655 2306 741 2360 beatae
753 2307 864 2375 virginis
875 2323 973 2375 corpus
985 2325 999 2360 e
1012 2312 1083 2360 terra
1094 2307 1215 2360 levatum
1228 2308 1262 2360 ad
1274 2307 1365 2360 locum
1377 2307 1541 2360 interiectio·

320 2405 363 2459 nis
380 2407 439 2472 eJus
451 2407 558 2470 referat,
576 2406 640 2473 quia
651 2406 689 2460 ibi
702 2406 784 2474 signis
801 2411 828 2459 et
845 2406 973 2474 prodigiis
985 2406 1117 2459 Dominus
1130 2408 1268 2470 virtutum,
1281 2406 1327 2474 qui
1339 2411 1366 2458 et
1378 2422 1424 2458 rex
1441 2405 1541 2474 gloriae,
1558 2418 1589 2468 20

321 2502 469 2556 clarificare
481 2520 540 2555 earn
554 2503 723 2571 disponebat

363 2598 422 2656 24.
446 2601 504 2653 Hac
518 2605 573 2653 tam
587 2599 716 2668 praeclara
729 2599 832 2653 visione
844 2599 942 2653 ancilla
953 2599 1053 2653 Christi
1067 2599 1145 2652 valde
1156 2598 1309 2664 clarificata,
1318 2599 1419 2652 coelesti
1432 2598 1542 2652 oraculo

323 2702 399 2756 ocius
424 2716 519 2770 parere
537 2699 655 2751 festinat.
672 2697 832 2750 Pontificem
852 2703 975 2750 sanctum
995 2697 1033 2750 nil
1050 2701 1157 2750 morata
1174 2697 1241 2764 petit
1258 2701 1285 2749 et
1301 2696 1421 2748 revelata
1439 2696 1491 2748 sibi
1510 2711 1543 2748 ex

323 2799 418 2853 ordine
428 2798 529 2868 pandit.
543 2797 590 2850 llle
603 2813 667 2848 vero
679 2795 766 2848 tidelis
777 2795 886 2848 feminee
898 2794 1048 2848 narrationi
1065 2799 1168 2847 attente
1179 2810 1272 2847 aurem
1286 2795 1505 2857 accommodans,
1518 2807 1546 2848 et

323 2899 357 2952 de
369 2902 425 2951 tam
444 2899 547 2951 veracis
560 2896 660 2949 nuntiae
673 2894 762 2947 verbis
774 2894 842 2947 nihil
853 2894 990 2955 haesitanS,
1002 2899 1077 2947 certa
1095 2894 1138 2947 die
1155 2893 1301 2960 assumptis
1317 2910 1410 2946 secum
1423 2893 1545 2960 pluribus
1564 2882 1591 2957 ξς

323 2997 392 3051 sacri
406 2996 510 3050 ordinis
522 2995 660 3058 ministris,
670 2998 700 3047 ut
708 2993 856 3062 pontificali
872 2993 1039 3060 congruebat
1050 2992 1182 3061 dignitati,
1193 2992 1285 3045 accitis
1297 3008 1406 3060 quoque
1414 3008 1470 3044 non
1479 3009 1544 3060 pau·
1602 3040 1614 3073 ,Ι

324 3096 371 3159 cie,
389 3112 458 3163 quos
472 3096 683 3162 circumquaque
701 3093 832 3160 religiosae
849 3097 963 3145 noverat
983 3091 1045 3144 vitre
1062 3091 1135 3154 viris,
1155 3096 1332 3145 concurrente
1349 3091 1432 3143 etiam
1450 3092 1544 3159 grandi

325 3194 466 3262 utriusque
479 3191 821 3259 sexusmultitudine.quae
840 3190 915 3243 ianm
934 3189 1044 3243 volante
1064 3195 1202 3243 commota
1219 3189 1254 3242 ad
1271 3189 1455 3258 spectaculum
1476 3189 1544 3241 tanti
1624 3220 1638 3273 '.

324 3292 424 3360 negotii
437 3291 557 3359 undique
568 3291 690 3343 certatim
704 3289 865 3351 confluebat,
873 3289 911 3341 od
929 3289 1082 3356 sepulcrum
1100 3288 1210 3356 virginis
1227 3289 1388 3356 properarit.
1404 3288 1464 3354 Quo
1482 3305 1543 3340 cum
1623 3272 1631 3339 i

325 3395 484 3460 perventum
498 3394 575 3449 esset,
588 3389 727 3458 praemissa
738 3388 847 3456 quidem
864 3388 960 3454 iejunii
973 3387 1117 3440 devotione
1134 3392 1162 3440 et
1174 3386 1336 3440 circumlluae
1349 3387 1435 3456 plebis
1446 3387 1543 3455 suppli·
1563 3397 1593 3448 30
1627 3424 1633 3449 ,

325 3489 432 3542 catione
451 3488 647 3556 omnipotentis
666 3488 715 3540 Dei
731 3486 855 3555 gratiam,
875 3491 905 3539 ut
920 3487 1047 3554 praesenti
1066 3485 1218 3539 ministerio
1234 3487 1279 3554 pie
1298 3486 1409 3550 faveret,
1429 3485 1545 3539 fideliter
1629 3472 1633 3487 ¹

325 3591 464 3651 exorante,
476 3604 541 3639 curn
553 3591 629 3639 metu
641 3591 668 3639 et
679 3587 831 3639 reverentia
842 3586 960 3639 levatum
975 3603 990 3638 e
1002 3586 1107 3639 tumulo
1119 3603 1216 3656 corpus
1228 3591 1352 3639 sanctum
1365 3589 1392 3638 et
1404 3586 1432 3638 in
1445 3585 1544 3637 feretro
1630 3602 1637 3665 p

325 3687 360 3740 ad
373 3687 425 3740 hoc
440 3687 566 3739 decenter
577 3690 726 3754 preparato
739 3685 930 3753 compositum,
942 3701 1003 3738 cum
1022 3685 1122 3753 ingenti
1135 3686 1223 3739 cordis
1234 3691 1261 3738 et
1278 3685 1353 3738 vocis
1364 3684 1464 3747 laetitia,
1482 3700 1543 3737 cum
1633 3668 1652 3767 l!

323 3781 488 3848 hymnorum
502 3787 530 3834 et
540 3783 707 3850 psalmorum
720 3780 914 3843 modulatione,
926 3782 1109 3850 praeeuntibus
1120 3786 1147 3835 et
1164 3782 1339 3850 sequentibus
1350 3781 1438 3834 turbis
1449 3780 1543 3833 laudes
1651 3842 1654 3851 Ι

326 3878 527 3941 resonantibus,
547 3878 581 3930 ad
604 3877 694 3930 locum
714 3876 891 3940 Culdericum‚
911 3894 965 3946 quo
984 3878 1058 3945 virgo
1077 3876 1226 3946 pertulerat
1245 3876 1413 3943 martyrium,
1425 3892 1544 3944 congruo
1563 3889 1593 3937 35
1648 3876 1652 3895 '

326 3976 432 4028 honore
448 3976 666 4044 deportaverunt.
1386 3979 1390 3986 '

368 4071 425 4131 25.
448 4070 579 4124 Audierat
590 4070 724 4139 perendie,
736 4072 810 4124 lama
821 4070 917 4125 mobili
928 4077 1115 4140 precurrente,
1127 4072 1198 4125 hanc
1218 4070 1329 4139 virginis
1341 4071 1398 4123 lore
1416 4071 1544 4123 elevatio·

327 4187 388 4225 nem
403 4171 535 4224 miseram
553 4185 636 4237 agens
653 4168 737 4221 vitam
749 4167 911 4229 Harduinus,
924 4184 1006 4235 quem
1025 4168 1060 4220 ob
1071 4183 1165 4220 necem
1177 4172 1278 4220 sancta
1289 4167 1415 4234 martyris
1427 4165 1546 4219 vindicta

328 4270 377 4323 Dei
397 4268 519 4322 coecitate
538 4266 671 4335 corporali
688 4266 848 4319 damnatum
864 4282 945 4334 supra
961 4265 1090 4334 scriptum
1108 4271 1156 4330 est,
1172 4270 1207 4329 et,
1223 4265 1326 4318 salubri
1341 4281 1407 4319 usus
1424 4265 1545 4329 consilio,

328 4372 469 4436 assumpto
483 4367 551 4419 duce
563 4366 673 4430 itineris,
685 4365 799 4418 festinus
807 4364 937 4426 occurrit;
949 4369 977 4418 et
988 4364 1137 4418 ferentibus
1148 4364 1277 4419 feretrum
1291 4366 1389 4420 obvius
1401 4366 1546 4432 projectus·
1563 4376 1593 4430 40

328 4481 382 4532 que
395 4465 484 4529 humi,
497 4465 617 4517 clamans
628 4469 656 4517 et
667 4468 770 4516 reatum
784 4479 864 4516 suum
882 4463 963 4516 corde
978 4475 1181 4531 recognoscens
1193 4467 1221 4517 et
1231 4463 1434 4518 lacrimabiliter
1450 4464 1546 4533 implo-

329 4569 437 4625 ransut,
448 4562 640 4617 intercessione
649 4562 772 4631 gloriosae
781 4561 953 4626 Maxelendis,
965 4567 1114 4615 mereretur
1123 4562 1253 4631 consequi
1262 4564 1370 4617 veniam
1378 4564 1546 4629 delictorum,

329 4665 445 4718 credens
456 4662 537 4715 etiam
548 4667 575 4715 et
583 4661 715 4715 confitens
727 4662 804 4715 reddi
812 4660 864 4714 sibi
874 4660 957 4730 ipsius
966 4661 1063 4714 merito
1071 4661 1321 4729 lumenoculomm,
1329 4680 1361 4716 ac
1370 4663 1439 4717 sicut
1448 4663 1547 4716 mentis
