3270 5400
191 362 263 436 206
527 381 652 434 curin.
681 381 783 435 cono.
811 380 1088 435 nnoronnlrmc.

190 575 218 626 et
235 571 382 636 Ferrutius,
394 571 464 624 sicut
475 570 613 640 geminam
626 587 710 625 unam
729 571 937 626 similitudinem
954 573 1062 641 generis
1079 572 1107 626 in
1124 572 1181 627 nita
1196 573 1325 638 tulerunt,
1342 573 1381 628 ita
1396 577 1424 630 et

191 669 313 738 martyrii
326 685 375 738 pro
388 667 488 722 Christi
501 668 613 722 nomine
625 669 727 738 pariter
738 668 920 740 persecutoris
932 669 1040 724 funesta
1051 670 1184 740 supplicia
1196 670 1376 740 pertulerunt

223 768 304 824 Num.
320 768 343 821 3.
356 767 435 823 Fides
447 768 485 821 rei
498 773 587 837 geste,
600 768 681 822 beato
694 769 822 839 episcopo
840 770 948 823 Arriano
966 768 1111 824 intimante
1158 775 1312 839 martyrum
1330 770 1422 826 beato·

191 885 251 926 rum
259 868 371 923 tundata
408 868 527 922 condita.
535 867 685 938 Postquam
693 868 767 923 enim
775 869 803 924 in
813 869 869 938 ipsa
878 869 989 938 regione
998 870 1032 923 ad
1043 869 1175 940 populum
1182 869 1312 940 gentilem
1322 870 1424 925 electus

191 974 232 1023 est
244 973 271 1023 et
279 968 405 1023 missusa
417 968 474 1022 lieo
493 972 520 1023 et
531 968 565 1024 de
576 969 692 1024 seculari
702 973 839 1039 potestate
856 974 1000 1024 reuocatus
1012 975 1054 1024 est
1065 970 1220 1026 sacerdotio
1233 976 1337 1025 eterno
1350 987 1424 1025 rere·

190 1068 292 1126 latione
310 1068 452 1128 divinaex
465 1067 604 1138 religionis
615 1068 708 1123 officio
725 1085 841 1138 praesse
856 1070 948 1137 jussus
966 1074 1014 1124 est.
1033 1069 1086 1138 Qui
1104 1087 1167 1124 cum
1185 1071 1275 1127 adhuc
1294 1071 1381 1126 laicus
1398 1071 1424 1129 iu

191 1173 264 1223 terra
275 1168 450 1223 Pictanorum
469 1167 628 1235 peregrinus
645 1167 784 1221 habitaret
800 1172 827 1221 et
839 1167 958 1222 edictum
977 1167 1053 1238 impii
1065 1168 1166 1224 tuliani
1184 1170 1299 1225 Caesnris
1318 1186 1424 1241 proces·

191 1269 279 1332 sisset,
291 1272 321 1322 ut
331 1266 473 1336 gentilium
483 1265 557 1321 idola
566 1282 665 1336 presses
675 1266 747 1322 illius
759 1267 906 1338 prorincirc
919 1272 1092 1333 restauraret,
1105 1269 1201 1323 beatus
1219 1269 1344 1325 Arrianus
1361 1275 1425 1326 ante

191 1364 337 1422 sacerdotii
349 1365 509 1435 dignitatem
522 1364 622 1421 Christi
635 1365 776 1420 consessor
794 1360 903 1421 Domini
916 1367 1023 1436 publice
1036 1368 1176 1437 respondit
1193 1384 1249 1423 non
1266 1385 1297 1424 se
1315 1371 1426 1427 credere

191 1467 257 1524 huie
274 1465 362 1521 edicto
375 1483 392 1519 a
404 1465 510 1520 Caesnre
522 1465 669 1529 destinato,
681 1465 829 1520 adfirmans
841 1466 982 1535 injudicio
993 1467 1115 1537 prcesidis
1127 1468 1196 1523 falsa
1208 1469 1325 1526 recitari.
1337 1471 1426 1528 luder

191 1566 463 1636 nutem,'hujusrnodi
472 1565 642 1636 professione
652 1571 801 1635 permotus,
811 1566 869 1620 dari
879 1566 907 1621 in
916 1567 1043 1622 manibus
1052 1567 1188 1623 benedicti
1198 1568 1298 1624 Auiani
1308 1572 1427 1627 auctori·

191 1670 276 1721 tatem
285 1664 420 1736 precepit,
429 1668 460 1718 ut
472 1664 580 1734 legeret.
590 1663 638 1718 llle
648 1680 713 1718 vero
723 1669 863 1734 occeptum
881 1664 972 1733 palam
991 1665 1019 1721 in
1037 1666 1097 1721 loro
1116 1667 1217 1737 populo
1227 1669 1426 1726 circumstante

191 1764 306 1835 proiecit
318 1763 346 1817 in
363 1767 464 1817 terram
482 1766 509 1816 et
526 1761 603 1830 pedis
621 1760 694 1815 calce
707 1761 843 1825 contrivit,
856 1778 888 1815 nc
900 1778 967 1816 voce
985 1763 1096 1831 publica
1114 1765 1298 1833 proclamavit
1310 1777 1340 1821 se
1353 1765 1427 1821 idola

191 1865 282 1936 potius
299 1879 460 1918 eversurum
477 1867 588 1933 propter
608 1862 767 1931 religionem
779 1861 899 1916 nominis
916 1862 1018 1918 Christi
1036 1879 1120 1933 quam
1137 1865 1339 1920 aedificaturum
1358 1883 1427 1924 esse.

192 1965 269 2021 Tunc
286 1965 379 2033 judex,
398 1963 458 2032 ejus
478 1962 561 2017 tidem
580 1961 732 2017 admiratus
751 1967 834 2030 atque
851 1961 1043 2027 constantiam,
1061 1963 1223 2033 sacrilegum
1237 1964 1427 2024 ministerium

192 2064 296 2122 destitit
308 2068 471 2134 perpetrare.
484 2062 554 2130 limo
571 2061 621 2116 Dei
638 2061 779 2115 confessor
796 2077 877 2115 verus
895 2062 1041 2116 manifeste
1051 2079 1168 2132 quaque
1178 2069 1332 2133 martyrum
1343 2066 1429 2120 mira·

192 2161 253 2217 cula
261 2160 430 2233 gloriamque
443 2160 581 2217 revelavit.
591 2159 660 2215 Num
673 2176 735 2215 cum
748 2160 806 2228 jam
818 2159 963 2215 sacerdotii
976 2160 1128 2233 ministerio
1142 2167 1272 2231 preesset
1289 2163 1428 2233 praedictre

193 2261 295 2317 civitati
307 2259 486 2317 bisontiensis
501 2261 623 2315 ecclesiae
639 2260 788 2324 catholice,
797 2259 922 2315 tribunus
967 2260 1058 2315 studio
1070 2277 1231 2333 progressus
1248 2266 1289 2318 est
1306 2263 1427 2321 miliario

192 2364 313 2418 etscmis
324 2378 373 2418 ...a
390 2361 508 2418 civitatis
526 2359 691 2417 habitaculo.
704 2360 828 2430 Curnque
873 2361 946 2416 redes
962 2376 1024 2415 cum
1043 2366 1194 2432 martyrum
1215 2362 1378 2432 corporibus
1391 2364 1428 2419 ibi

192 2462 333 2533 reperitur,
349 2477 431 2533 quam
445 2460 563 2531 populus
573 2460 689 2530 gentilis,
707 2460 861 2529 ignorantia
873 2461 1007 2525 detentus
1022 2462 1146 2516 nondum
1159 2466 1336 2531 cognoverat
1356 2461 1379 2518 N
1382 2480 1429 2518 un·

192 2562 246 2617 tius
292 2563 349 2631 jam
362 2561 522 2631 opinionem
535 2565 615 2616 antea
627 2559 700 2631 vulgi
713 2560 844 2616 andierat.
856 2560 1003 2631 Martyrum
1014 2562 1154 2632 sepultura
1161 2562 1240 2632 jussu
1250 2562 1310 2633 ejus
1356 2565 1429 2625 inre·

191 2661 305 2721 niuntur
316 2662 345 2716 in
356 2666 545 2717 monumento.

224 2759 304 2818 Num.
316 2761 339 2815 4.
382 2776 497 2828 corpora
510 2759 627 2829 qualiter
639 2759 809 2829 passionibus
827 2764 854 2813 et
872 2759 1019 2816 virtutibus
1031 2761 1168 2816 declarata
1186 2762 1304 2829 luerunt,
1318 2765 1427 2820 notitire

191 2860 332 2939 communi
344 2861 451 2915 tradere
463 2858 628 2915 curavimus.
637 2858 705 2914 Nam
749 2859 813 2929 imp.
823 2859 896 2913 mall.
907 2861 954 2914 ier.
964 2861 1153 2929 affigebantur.
1163 2861 1216 2930 Qui
1225 2862 1344 2917 dirersis
1355 2864 1427 2921 intir-

191 2960 333 3018 mitatibus
350 2960 486 3016 medelam
504 2959 598 3014 multis
621 2963 785 3029 prestavere
807 2959 986 3029 temporibus.
1009 2960 1148 3018 Passionis
1171 2961 1248 3032 signa
1272 2963 1427 3019 Dominicac

190 3064 336 3134 gestantes,
348 3060 453 3130 palmas
462 3059 547 3115 clavis
564 3059 717 3130 periuratos
729 3059 917 3130 adsignabant.
930 3059 1087 3130 Martyrium
1101 3078 1164 3131 ergo
1182 3063 1311 3132 quamvis
1324 3065 1427 3120 abscis-

191 3161 268 3218 sione
286 3161 406 3231 capitum
419 3159 596 3229 excepissent,
610 3158 749 3215 clavorum
768 3163 860 3215 tamen
877 3159 973 3215 ordine
985 3160 1153 3216 circumdata
1166 3177 1268 3217 corona
1281 3163 1429 3221 ridebatur

190 3260 219 3318 ln
236 3260 370 3330 capitibus
392 3276 497 3324 eorum,
515 3259 598 3316 totius
617 3260 691 3314 orbis
709 3276 869 3330 possessura
887 3277 1056 3332 compagem.
1075 3263 1106 3318 ln
1163 3262 1300 3333 juncturis
1318 3266 1428 3322 malleis

190 3368 297 3422 attactui
317 3362 423 3419 subnlrn
440 3362 557 3418 inventio
580 3365 652 3417 sunt.
670 3360 693 3418 0
712 3360 866 3432 impiissimi
923 3361 1027 3418 lumine
1046 3366 1184 3418 caecantur
1202 3364 1359 3422 oculorum.
1378 3367 1428 3423 llis

189 3463 297 3522 aurium
307 3461 576 3521 oudItusautertnr...
585 3478 677 3518 sermo
687 3464 817 3527 vexatum
830 3477 927 3519 eorum
936 3465 1078 3533 pectorum
1087 3463 1222 3532 juncturis
1264 3471 1426 3523 sanctorum

189 3579 308 3638 quorum
325 3561 393 3621 tides
405 3565 575 3618 tentamenta
593 3561 775 3633 persecutoris
792 3566 874 3617 antea
891 3560 1021 3619 sustinuit
1074 3561 1187 3628 solatiis,
1207 3579 1271 3619 nam
1291 3565 1386 3622 nullus
1397 3582 1427 3622 ee

189 3679 286 3724 eorum
299 3661 446 3721 virtutibus
457 3661 573 3719 sociavit
584 3661 618 3718 de
631 3663 699 3717 tanti
712 3661 807 3732 populi
819 3661 927 3732 gentilis
939 3678 971 3716 ac
983 3662 1091 3718 barbari
1104 3661 1281 3719 multitudine
1294 3666 1427 3735 peritura.

222 3763 302 3822 Num.
314 3763 338 3818 5.
357 3762 453 3832 ltaque
464 3761 562 3817 beatus
574 3761 698 3817 Arrianus
716 3760 859 3832 episcopus
872 3766 899 3817 et
911 3761 1038 3818 tribunus
1054 3778 1118 3818 cum
1130 3763 1267 3818 militibus
1284 3763 1321 3819 nd
1339 3765 1427 3821 eccle·

190 3863 259 3921 slam
272 3863 418 3920 redeunt
429 3861 552 3918 excubiis
561 3866 589 3917 et
597 3861 729 3931 presidiis
739 3861 877 3917 civitatem
887 3862 1052 3927 deserentes,
1060 3862 1160 3932 quihus
1170 3861 1229 3932 ipsa
1238 3863 1274 3918 eb
1285 3879 1428 3935 oppugna·

190 3965 265 4022 tione
276 3962 419 4021 barbarica
428 3978 499 4032 soepe
509 3961 622 4016 detensa
634 3965 674 4016 cst
683 3965 711 4015 et
756 3960 890 4015 absoluta.
903 3961 972 4015 Nam
989 3978 1061 4032 saepe
1074 3961 1221 4017 virtutibus
1232 3962 1272 4018 sic
1282 3980 1312 4018 se
1326 3970 1355 4020 et
1366 3966 1427 4021 rcli·

190 4063 278 4137 gionis
288 4064 367 4134 cujus
383 4061 524 4134 possident
535 4061 658 4131 gloriam,
671 4060 824 4117 revelantes
836 4065 864 4115 et
872 4061 1016 4131 dignanter
1059 4062 1214 4117 restituunt.
1226 4061 1348 4119 Basilica
1360 4083 1427 4121 cero

190 4166 323 4222 edilicata
332 4169 359 4220 et
371 4164 442 4219 redes
454 4167 605 4232 martyrum
617 4178 634 4215 a
649 4161 730 4215 heato
746 4161 854 4217 Aniano
866 4162 995 4232 episcopo
1011 4166 1053 4216 est
1064 4162 1197 4217 dedicata.
1216 4163 1342 4233 Corpora
1360 4183 1427 4222 vero

190 4270 349 4322 sanctorum
358 4269 510 4333 martyrum
523 4263 557 4317 ab
570 4263 630 4331 ipso
641 4263 731 4316 denuo
741 4262 847 4332 sepulta
856 4278 920 4316 cum
932 4262 1109 4327 aromatibus,
1127 4267 1155 4317 et
1171 4263 1263 4318 honor
1281 4264 1322 4321 ibi
1342 4271 1428 4337 atque

190 4364 314 4419 custodia
326 4366 368 4418 est
384 4361 515 4416 adhibita.
525 4360 601 4415 (llari
615 4376 709 4414 veroa
728 4361 863 4429 capitibus
880 4364 1039 4415 sanctoruni
1055 4365 1207 4430 martyrum
1226 4378 1275 4431 per
1292 4379 1428 4422 manns..

190 4463 298 4529 sublati,
310 4479 358 4532 per
405 4463 550 4516 hominnm
569 4461 739 4515 medebatur.
757 4461 948 4515 lnrcntionem
965 4477 1076 4530 quoque
1093 4465 1252 4516 sanctorum
1270 4469 1426 4535 martyrum

190 4579 334 4633 corporum
352 4562 461 4617 Christo
522 4561 589 4615 Non.
608 4560 772 4630 septembris
793 4561 973 4626 celebramus,
993 4565 1023 4615 nt
1041 4560 1107 4615 dum
1126 4566 1278 4630 martyrum
1300 4564 1427 4621 coelestcs

190 4663 310 4719 victorina
357 4662 442 4716 terris.

221 4764 301 4818 Num.
313 4764 335 4816 o.
348 4762 412 4815 Hrcc
425 4761 516 4831 itaque
529 4762 599 4816 sicut
655 4767 813 4816 sanctorum
827 4778 858 4816 ac
873 4761 1017 4817 beatorum
1030 4766 1180 4832 martyrum
1193 4762 1315 4820 Ferreoli
1325 4771 1351 4821 et
1361 4766 1425 4822 Fer·
