3270 5400
233 336 326 388 sien.
345 336 427 390 uun.
446 335 620 389 ennium.
640 358 686 367 -
705 335 854 388 areuna.
874 337 919 387 nu
937 337 1017 388 con.
1037 327 1075 387 u0
1093 336 1169 388 verr.
1252 316 1317 387 171

78 533 138 591 De
154 530 289 603 iuvene
312 534 416 605 cujus
441 545 535 592 uxor
556 531 715 604 seipsam
735 545 814 592 cum
833 531 970 592 intente
993 533 1030 591 in
1048 534 1153 593 utero
1173 531 1323 591 miseru-

124 631 253 690 biiiter
263 630 447 706 occiderit,
467 632 532 692 sed
545 644 613 703 per
626 631 922 702 gloriosissimam
931 633 1107 703 virgmem
1122 631 1323 702 christique

124 730 331 801 martyrem
347 731 593 789 Ksthsrinsm
605 731 826 789 mirabiliter
838 730 1059 790 resuscitate
1072 732 1141 790 est.

129 918 190 977 15.
210 918 294 973 Filius
314 924 375 973 erat
387 919 529 986 cujusdam
542 919 672 989 principis
685 920 740 989 qui,
752 920 888 973 defunctis
898 921 1057 989 parentibus
1075 920 1140 981 suis,
1158 920 1274 974 fideliter
1290 937 1322 973 ac

43 1029 62 1077 s
80 1016 189 1071 devote
205 1016 372 1070 beatissimae
390 1015 486 1084 virgini
503 1016 650 1071 serviebat
669 1017 796 1071 Habebat
812 1017 887 1071 enim
906 1017 1038 1086 capellam
1057 1034 1140 1087 prope
1157 1016 1276 1071 cestrum
1293 1018 1322 1071 in

80 1115 195 1175 honqre
203 1120 305 1169 sancis
313 1114 470 1168 Katheriuae
479 1114 646 1178 dedicatann
658 1117 693 1170 ad
705 1132 788 1185 quarn
801 1115 924 1185 quotidie
935 1117 1048 1179 intrans,
1058 1116 1146 1170 eidem
1157 1134 1187 1168 se
1196 1116 1322 1185 supplici·

80 1219 127 1268 ter
136 1213 361 1268 commendabat.
372 1212 478 1267 Accidit
488 1219 580 1266 autern
593 1215 714 1283 quadam
725 1214 792 1278 vice,
803 1230 866 1268 cum
875 1214 914 1267 sic
926 1214 1043 1268 orutioui
1055 1214 1234 1278 incumberet,
1246 1215 1321 1283 quod

80 1318 143 1367 tres
161 1313 281 1381 virgines
299 1312 491 1382 pulcherrime
508 1312 559 1366 sibi
578 1318 778 1382 apparuerunt;
796 1314 854 1381 ipse
867 1330 932 1367 vero
944 1314 1053 1368 territus
1070 1315 1104 1366 ad
1122 1318 1222 1367 terram
1241 1318 1322 1382 ceput

81 1410 238 1465 inclinavit
251 1410 373 1478 Quarum
388 1427 442 1465 una
454 1411 492 1464 ait
505 1430 511 1465 ε
526 1414 611 1478 Quom
625 1415 764 1466 rusticiter
781 1415 849 1479 apis,
861 1430 921 1465 cum
937 1415 977 1466 eis
994 1414 1113 1467 truditis?
1131 1414 1241 1479 Respice
1249 1430 1322 1465 eruar

25 1521 60 1571 so
81 1511 112 1561 in
123 1526 184 1576 nos,
197 1513 326 1577 quoniam
338 1513 381 1563 ini
398 1528 481 1564 cursu
498 1512 551 1564 linc
563 1510 691 1565 ceruimus.
710 1511 816 1564 Rursus
828 1510 918 1564 media
929 1511 964 1563 ab
976 1512 1074 1564 eodem
1084 1510 1226 1578 requisivit
1235 1527 1318 1579 quam

81 1608 197 1662 illarum
210 1608 312 1662 bebere
331 1609 414 1663 vellet
430 1625 481 1677 pro
493 1626 595 1679 sponsa
610 1626 669 1663 sua.
688 1610 749 1664 Una
760 1614 850 1664 autem
864 1627 881 1662 a
893 1610 996 1663 dextris
1013 1609 1119 1663 occulte
1136 1611 1160 1663 ei
1179 1610 1275 1663 annuit
1292 1615 1322 1663 ut

82 1707 209 1761 mediam
220 1708 273 1761 sibi
284 1713 447 1772 assumeret,
459 1707 552 1762 diceus
564 1724 626 1763 earn
636 1725 696 1763 esse
714 1709 823 1762 beatum
841 1708 1027 1773 Kaiherinam,
1039 1709 1151 1777 capellae
1168 1714 1322 1777 patronam.

82 1807 149 1875 lpse
161 1822 227 1875 ergo
244 1807 372 1860 eamdem
385 1807 438 1861 sibi
450 1806 531 1875 elegit
548 1807 576 1861 iu
595 1824 732 1876 sponsam.
749 1807 825 1861 Tunc
843 1808 872 1861 in
890 1807 996 1877 signum
1008 1808 1228 1874 desponsationis
1240 1809 1321 1861 beuta

81 1905 238 1959 liutherius
260 1904 334 1958 dedit
354 1905 379 1958 ei
400 1906 503 1960 crinale
524 1906 748 1974 pulcherrimum,
769 1906 802 1959 de
826 1906 895 1959 rosis
917 1906 1107 1974 pulcherrimis
1130 1911 1158 1961 et
1182 1907 1322 1975 pretiosis;

27 2016 62 2065 ss
80 2019 249 2074 ponensque
258 2020 341 2073 super
349 2009 432 2072 caput
444 2006 502 2072 ejus
512 2004 606 2059 statim
619 2021 682 2057 cum
697 2004 844 2073 virginibus
854 2005 972 2059 evanuit
985 2005 1032 2059 llle
1051 2021 1116 2059 vero
1134 2006 1170 2059 ad
1186 2022 1216 2059 se
1233 2022 1321 2059 rever-

80 2118 141 2165 sus,
159 2102 266 2156 invenit
281 2102 384 2156 crinale
402 2102 468 2157 illud
486 2120 569 2173 super
581 2111 663 2173 caput
674 2121 764 2169 suum,
782 2105 883 2173 dequo
901 2105 1032 2173 processit
1044 2105 1112 2158 ador
1129 2105 1321 2167 suavissimum

82 2206 172 2271 atque
183 2217 218 2255 ex
230 2202 283 2255 hoc
293 2203 352 2271 jum
365 2203 544 2257 vehementer
555 2203 674 2272 gavisus,
686 2204 789 2257 crinale
801 2204 866 2257 illud
884 2221 948 2257 cum
960 2204 1035 2258 omui
1050 2204 1190 2273 diligentia
1201 2205 1322 2258 servavit

84 2300 262 2368 devotusque
275 2301 373 2371 virgini
386 2301 543 2355 Katherina
551 2301 673 2356 servivit.

134 2398 192 2456 16.
212 2398 362 2467 Postquam
382 2403 476 2452 autem
498 2399 606 2454 virilem
624 2400 713 2469 attigit
730 2405 839 2454 aetatem
856 2399 938 2453 amici
957 2400 999 2453 sui
1020 2400 1152 2469 virginem
1172 2402 1320 2470 quamdam

34 2506 69 2557 iu
88 2498 232 2566 pulchram
250 2514 282 2550 ac
300 2496 422 2550 nobilem
440 2496 468 2550 in
486 2498 695 2552 matrimonium
713 2499 739 2552 ei
757 2498 935 2553 tradiderunt
947 2498 1096 2553 Celebratis
1107 2504 1200 2552 sutem
1211 2499 1322 2568 nuptiis,

88 2612 169 2665 reque
180 2600 210 2649 ut
221 2601 303 2650 autea
314 2595 403 2650 beatae
412 2596 510 2664 virgini
521 2596 679 2651 Katherinae
691 2596 810 2661 servivit,
823 2598 857 2651 de
869 2613 950 2651 mane
958 2613 1067 2667 semper
1075 2614 1189 2667 surgens
1198 2602 1226 2652 et
1234 2597 1321 2667 capel-

90 2696 146 2749 iam
155 2696 281 2750 intrando
293 2695 394 2749 devote
407 2712 497 2749 orans.
505 2696 581 2750 Uxor
592 2702 686 2750 autem
700 2697 876 2765 impraegnata
888 2697 924 2750 ab
934 2696 1032 2751 ancilla
1045 2697 1188 2765 requisivit
1199 2713 1321 2765 quonam

93 2793 219 2847 domiuus
229 2812 296 2849 suus
308 2795 386 2849 orrrui
395 2811 476 2849 mune
486 2796 524 2849 sic
537 2795 595 2850 iret.
610 2797 660 2850 Cui
671 2796 770 2850 ancilla
783 2816 789 2850 :
801 2798 937 2861 Ericinis,
950 2796 1044 2864 inquit,
1054 2799 1140 2863 justu
1151 2800 1321 2863 circiter-ium,

95 2893 172 2959 cuiue
181 2902 218 2947 est
227 2896 480 2963 filiuperpulcirra,·
490 2897 527 2949 nd
537 2898 613 2949 iilum
624 2914 704 2949 mune
712 2898 896 2964 sicprnprrat.
908 2894 969 2961 Quo
978 2896 1081 2958 audito,
1093 2912 1162 2949 uxor
1170 2897 1229 2964 ejus
1239 2898 1322 2949 vehe-

52 2995 85 3045 iu
99 2996 199 3046 menter
209 2994 369 3048 contristata
381 3000 430 3049 est
440 2994 474 3048 lit
482 3011 545 3048 cum
553 2995 662 3062 juvenis
674 3011 735 3048 sero
747 3012 845 3049 canses
859 2995 972 3048 tristitie
984 2995 1142 3063 inquireret,
1155 2995 1199 3048 illa
1211 3012 1321 3063 respon-

102 3088 159 3144 dit:
178 3093 265 3146 Ncnue
277 3096 371 3146 merito
388 3096 499 3147 tristari
510 3095 595 3159 debeo,
614 3097 680 3162 quia
697 3097 781 3147 atium
790 3097 855 3162 prius
872 3111 953 3161 quum
965 3112 1005 3147 me
1017 3096 1130 3160 dilipis?
1143 3093 1210 3146 Cum
1228 3099 1320 3146 nutem

105 3186 204 3245 dixisset
213 3192 238 3247 ei
255 3192 290 3246 de
307 3192 362 3245 iilia
376 3192 522 3260 cujusdam
536 3191 603 3246 civis
622 3209 678 3246 nou
695 3193 775 3262 louge
786 3194 821 3246 ab
834 3193 957 3256 ecclesia,
968 3191 1015 3247 ille
1025 3191 1191 3246 subridendo
1204 3192 1321 3259 adjecit:
1399 3182 1404 3194 '

109 3284 160 3339 iios
169 3298 202 3343 ost
213 3294 259 3357 itu,
273 3293 321 3345 sed
335 3300 373 3345 ret
385 3294 444 3345 alia
456 3294 538 3345 inulto
546 3293 691 3359 pulchrior
702 3310 741 3357 eu,
754 3295 791 3345 ud
806 3310 887 3359 quam
904 3309 984 3344 marre
998 3294 1037 3344 sic
1053 3294 1128 3346 rado.
1140 3291 1231 3358 Atque
1240 3307 1321 3344 mane

111 3380 193 3441 berum
206 3405 326 3458 surgens,
344 3390 380 3442 ad
397 3389 531 3458 capsellam
549 3391 714 3459 properavit
733 3391 808 3444 Uxor
823 3390 905 3459 igitur
921 3389 1036 3443 nimium
1055 3388 1320 3458 contristatn,gladi0

71 3482 99 3535 ὃ)
113 3491 184 3539 suet
197 3488 291 3543 occidit
303 3495 331 3542 et
342 3505 459 3557 puerum
471 3505 565 3543 secum
584 3489 611 3542 in
624 3494 711 3543 utero.
730 3490 843 3544 iuvenis
862 3506 925 3542 vero
944 3490 978 3541 de
995 3488 1099 3558 capella
1111 3488 1274 3557 regrediens,
1291 3494 1321 3541 ut

115 3579 167 3635 lidii
174 3593 281 3642 matrem
291 3606 355 3642 cnm
366 3605 451 3657 puero
464 3589 502 3641 sic
512 3588 640 3653 occisam,
655 3606 749 3643 urrrure
767 3589 831 3642 llere
843 3589 961 3657 crepitet
973 3589 1038 3642 diris
1055 3587 1168 3641 vocibus
1185 3586 1320 3640 clamare:

120 3677 158 3745 Vn,
166 3700 202 3751 rs,
210 3704 244 3741 cre
255 3688 324 3740 milri
330 3690 342 3739 .'
353 3689 424 3753 Quia
437 3705 489 3740 nou
499 3690 562 3741 diui
570 3689 619 3741 tibi
629 3691 773 3752 ueritatem,
786 3691 844 3740 inico
855 3691 950 3741 irruitis
961 3696 1012 3741 trs
1025 3704 1109 3741 cauea
1122 3695 1145 3740 et
1160 3689 1242 3740 totins
1255 3689 1322 3738 oriali

115 3785 196 3836 meio
204 3790 296 3841 existo.
313 3785 432 3854 Moxque
449 3787 484 3839 ad
501 3786 634 3856 cupellam
653 3802 803 3852 recurrens,
815 3788 883 3840 flens
894 3787 1004 3854 largiter
1016 3787 1125 3840 beatam
1142 3784 1319 3838 Katherinnm

117 3873 200 3935 ‘triber
208 3885 354 3940 inroravit.
363 3885 396 3939 lit
408 3902 473 3939 ecce
485 3887 585 3940 iterum
605 3892 659 3940 tres
671 3886 721 3939 illae
731 3885 849 3954 virgines
860 3886 913 3939 sibi
925 3891 1117 3954 apparuerunt.
1127 3884 1208 3952 Virgo
1226 3891 1320 3937 autem

73 3970 102 4024 ὅ
115 3970 238 4038 huetius
254 3984 350 4039 oculos
367 3986 428 4053 ejus
449 3990 476 4038 et
496 3985 596 4039 faciem
615 3986 765 4053 detergens,
784 3985 853 4039 dixit
866 4005 872 4038 ι
886 3987 976 4051 Quare
987 4003 1028 4038 me
1039 3988 1172 4053 sprevisti,
1184 3986 1320 4051 aliamque

114 4088 216 4140 mitum
226 4086 275 4138 tibi
289 4088 436 4153 occepisti?
450 4087 522 4151 Quia
535 4094 624 4138 turrira
635 4088 704 4137 milri
715 4103 818 4154 semper
829 4062 944 4150 servisti,
957 4087 1040 4137 uxori
1050 4094 1101 4138 trra
1111 4093 1134 4138 et
1142 4101 1230 4153 puero
1249 4101 1321 4136 stunc

112 4186 254 4235 Murrum.
266 4184 388 4249 Surpeue
400 4192 490 4235 aretem
502 4186 561 4249 cito,
579 4186 616 4236 ud
635 4191 753 4235 castrum
772 4200 872 4249 perpe:
888 4185 1005 4235 inuenies
1024 4185 1095 4234 enim
1113 4199 1226 4234 uxorem
1244 4190 1318 4233 iucem

113 4274 210 4333 aramei
223 4300 328 4339 munuc.
339 4284 478 4349 filiamque
488 4285 633 4351 peperisse,
645 4299 725 4350 quum
745 4284 849 4334 ›curruine
863 4298 917 4333 uteo
929 4297 1021 4332 uocare
1037 4282 1113 4333 debes
1130 4281 1319 4332 Katherinum.

108 4370 155 4429 Pri
162 4383 338 4447 ntisfudiuue
349 4389 448 4445 uuum,
461 4383 526 4449 quia
540 4399 580 4434 rue
591 4382 726 4449 eprerieti,
737 4383 929 4432 circumierim
939 4380 1008 4431 milri
1015 4380 1059 4431 iric
1071 4380 1146 4432 debes
1157 4386 1320 4439 construere,

60 4474 91 4529 5⁰
104 4473 250 4545 iliaqueruc
256 4482 319 4547 jum
331 4482 430 4548 primu
443 4488 508 4533 cruta
518 4480 592 4535 *erit
603 4481 741 4533 abbatissa
754 4481 911 4532 irrurrceierii
918 4479 1093 4545 liberabitqne
1101 4480 1222 4530 cerintum
1230 4479 1320 4544 putris

102 4576 224 4632 iui‘ruis
232 4582 359 4646 precibus
370 4581 402 4632 de
414 4582 585 4646 purputorio.
598 4578 774 4632 Exhilaratus
787 4577 831 4631 ille
843 4576 944 4640 unimn,
962 4576 1081 4629 cucurrit
1096 4576 1268 4629 laetabundus
1285 4576 1319 4628 ad

99 4680 219 4740 cestrum
233 4683 350 4731 nrutrem
370 4681 398 4730 et
416 4693 535 4745 puerum
549 4677 672 4730 virentes
691 4676 896 4743 incolumesque
909 4674 1019 4728 invenit.
1032 4674 1161 4728 Confessn
1173 4678 1317 4726 celantem
