3270 5400
361 365 453 416 EIBL.
471 364 554 418 ΒΕΘ.
572 365 746 418 Bnuxnun.
767 388 814 397 -
833 364 981 418 nPPnno.
1001 367 1047 417 111)
1065 366 1146 420 COD.
1164 357 1312 420 11018108.
1386 346 1460 420 449

324 558 386 631 540
411 557 498 631 Vita
514 559 552 632 S.
571 557 679 650 Eligii
696 559 859 653 episcopi
876 561 949 657 (fol.
972 561 1179 657 17104710).

256 689 313 742 Ine.
320 691 395 756 prol.
407 688 521 743 Summo
531 689 622 743 studio
635 694 663 743 et
673 706 774 759 magna
786 707 848 745 curn
860 692 1043 768 sollicitudine
1055 691 1165 754 mentis
1174 692 1272 744 fratres
1281 689 1460 754 dilectissimi,

223 787 380 856 intellegere
393 788 526 842 debemus
538 789 611 858 quod
624 789 782 857 redemptor
799 795 892 845 noster
913 792 1027 846 veniens
1047 792 1081 845 de
1101 791 1167 845 caelo
1188 789 1323 844 mundum
1341 789 1375 844 de
1394 789 1459 858 jugo

222 887 344 956 autiquae
352 888 494 942 servitutis
505 888 650 943 absolvere
661 893 690 942 et
700 890 821 944 tenebris
833 890 1001 959 gentilitatis,
1010 891 1111 960 quibus
1123 891 1285 945 obscuratus
1295 894 1344 954 est,
1354 889 1460 958 ejicere,

223 986 412 1057 supplantavit
429 987 539 1042 fortem.
944 1054 946 1059 ,

254 1087 317 1140 Des.
329 1086 385 1140 Vos
394 1103 459 1156 ergo
472 1086 570 1140 fratres
583 1088 630 1156 qui
640 1089 675 1141 ad
689 1090 758 1144 tanti
770 1090 901 1145 antistitis
913 1092 999 1146 sancti
1011 1090 1087 1160 Eligii
1099 1089 1263 1144 convenistis
1274 1087 1460 1153 festivitatem,

222 1185 285 1239 vitoe
303 1202 361 1239 sure
379 1185 561 1254 primordium
582 1193 609 1241 et
630 1188 800 1243 incrementa
816 1190 905 1244 aetatis
930 1190 1010 1245 bouis
1029 1190 1155 1243 florentia
1172 1188 1321 1243 virtutibus
1338 1204 1371 1242 ac
1388 1187 1461 1242 illius

222 1285 412 1340 felicissimum
425 1286 459 1339 ad
472 1285 621 1340 Dominum
635 1287 738 1341 exitum
751 1289 847 1344 audire
857 1295 951 1343 mente
963 1291 1065 1344 devota
1075 1288 1188 1343 debetis.

254 1388 311 1441 Ine.
326 1387 409 1439 Vita:
425 1386 542 1440 Sanctus
560 1385 653 1455 itaque
670 1387 773 1457 Eligius
790 1387 818 1442 111
831 1389 1010 1443 Lemodicino
1023 1406 1091 1459 pago
1109 1405 1143 1442 ex
1155 1387 1280 1457 ingenuis
1291 1388 1461 1457 parentibus,

223 1483 358 1538 Eucherio
367 1489 444 1553 patre
462 1489 490 1537 et
501 1489 590 1538 matre
608 1485 729 1555 Teregia‚
743 1492 818 1541 ortus
832 1487 891 1542 fuit.
910 1486 963 1554 Qui
982 1504 1044 1542 eum
1063 1504 1097 1542 ex
1109 1503 1176 1542 cura
1187 1491 1332 1556 parentum
1345 1502 1460 1542 suorum

221 1584 274 1638 sub
286 1583 419 1652 regimine
431 1583 513 1637 scolae
525 1583 622 1638 litteris
635 1591 707 1639 esset
719 1585 867 1641 imbutus...
1424 1651 1430 1659 ¹

256 1684 318 1736 Dee.
336 1682 399 1736 Non
410 1683 549 1737 immerito
563 1700 628 1753 ergo
641 1685 764 1754 egregius
779 1685 824 1739 bic
834 1687 958 1754 pontifex
971 1686 998 1740 ln
1015 1687 1118 1756 populo
1136 1685 1285 1740 christiano
1299 1685 1397 1740 claruit
1407 1687 1461 1741 vir·

223 1783 336 1843 tutibus,
353 1783 401 1852 qui
418 1799 467 1852 per
483 1800 584 1839 manus
601 1802 753 1855 pauperum
771 1792 798 1841 et
810 1787 1018 1856 peregrinorum
1029 1803 1110 1842 suum
1123 1792 1262 1841 terrenum
1275 1785 1409 1855 praemisit
1425 1787 1461 1842 ad

223 1882 305 1936 caelos
314 1884 486 1947 thesaurum,
496 1883 543 1937 ubi
555 1901 606 1938 nec
616 1886 751 1939 effodiunt
763 1886 836 1940 fures
846 1902 897 1940 nec
909 1887 1043 1950 furantur,
1053 1902 1104 1941 nec
1113 1902 1205 1956 aerugo
1214 1902 1265 1941 nec
1277 1886 1357 1941 tineae
1370 1901 1461 1940 come·

222 1983 286 2037 dere
296 1983 524 2053 possunt.Sicque
532 1985 684 2039 cotidianas
693 1986 860 2040 elemosinas
868 1985 979 2054 largiter
986 1987 1079 2055 egenis
1088 1986 1278 2052 distribuebat,
1285 1990 1316 2039 ut
1325 1986 1460 2055 etdeipso

223 2083 400 2151 propheticus
409 2099 501 2136 sermo
511 2100 631 2153 congrue
641 2090 794 2154 exponatur
807 2075 919 2140 dicens:
934 2088 945 2112 ⁸
960 2085 1093 2154 Dispersit
1105 2085 1180 2140 dedit
1191 2085 1375 2154 pauperibus:
1383 2086 1462 2154 justi·

223 2183 257 2235 tia
268 2183 329 2250 ejus
337 2186 432 2235 manet
445 2182 471 2236 in
482 2183 606 2237 seculum
616 2185 700 2239 seculi
711 2204 717 2247 ;
730 2201 817 2239 cornu
826 2185 885 2252 ejus
895 2184 1062 2239 exultabitur
1071 2185 1100 2239 in
1111 2185 1204 2254 gloria.
1216 2225 1227 2249 ,

320 2284 383 2358 550
408 2284 494 2358 Vita
512 2286 548 2359 S.
567 2285 827 2379 Wandregisili
851 2286 1077 2360 confessoris
1103 2285 1239 2361 Christi
1264 2286 1460 2382 (1011710-

254 2529 333 2582 Edita
342 2399 444 2582 1114183
454 2399 510 2595 ds,
522 2529 557 2582 ad
570 2531 595 2584 d.
608 2530 641 2583 ff
652 2530 725 2594 iulii,
738 2534 804 2584 tom.
815 2531 845 2594 V,
858 2549 883 2600 p.
896 2531 946 2585 171
955 2547 1014 2601 sqq.

319 2630 383 2731 560
407 2629 495 2703 Vita
512 2631 548 2703 S.
563 2630 787 2705 Columbani
805 2631 952 2706 abbatis
968 2639 1005 2706 et
1022 2632 1245 2707 confessoris
1264 2631 1339 2728 (fol.
1361 2634 1458 2708 1810-

376 2745 485 2842 1940).

253 2875 314 2929 vita
326 2881 439 2930 auctore
448 2875 520 2929 lona
529 2876 585 2943 jam
596 2893 669 2948 saepe
682 2876 774 2930 citata.
783 2876 814 2930 lu
827 2877 887 2930 cod.
901 2877 1000 2931 mutila
1014 2885 1063 2931 est.

695 3099 987 3111 ——..--..-

554 3327 767 3439 Appendix
792 3327 843 3415 ad
870 3327 953 3416 cod.
984 3327 1122 3419 18108.

401 3565 557 3611 umanum
579 3567 605 3613 s.
629 3551 755 3612 11111111.
779 3547 858 3632 (Cir.
881 3567 991 3631 supra,
1013 3566 1088 3631 pag.
1109 3547 1181 3628 415,
1206 3548 1282 3632 100.)

264 3746 295 3801 1.
318 3744 468 3798 Videamus
482 3743 602 3812 denique
619 3744 693 3812 quod
705 3742 828 3812 sequitur
840 3741 1014 3807 miraculum,
1026 3741 1093 3812 quid
1104 3741 1280 3796 audientibus
1293 3742 1389 3822 innuat
1400 3742 1458 3796 irni-

222 3843 383 3907 tandum,ut
394 3846 423 3895 et
434 3842 468 3896 de
480 3842 578 3895 ceteris
590 3841 692 3897 similia
701 3842 850 3911 capiantur.
858 3841 926 3895 Cum
936 3840 1085 3909 aliquando
1095 3840 1168 3893 cives
1177 3839 1270 3893 divina
1280 3838 1458 3908 inspiratione

220 3942 332 3996 excitati
344 3941 468 4008 ejusdem
481 3940 569 3995 sancti
582 3940 679 3995 limina
691 3940 839 3994 studiosius
851 3940 1066 4008 frequentarent,
1075 3938 1188 3991 veniens
1201 3936 1316 4007 quisque
1326 3939 1460 3993 offerebat

220 4040 345 4095 donaria.
362 4040 440 4094 Unde
458 4040 585 4109 quaedam
607 4040 713 4094 femina
733 4040 815 4094 rebus
836 4055 949 4107 pauper,
966 4038 1021 4092 lide
1034 4042 1127 4091 tamen
1145 4037 1298 4103 abundans,
1314 4038 1457 4107 conjugem

194 4137 258 4194 tsic
273 4138 424 4208 alloquitur
441 4140 536 4194 diceus
553 4154 560 4188 τ
577 4142 688 4195 Bonum
708 4142 784 4207 milri,
801 4141 908 4205 marite,
926 4140 1041 4205 videtur,
1061 4155 1110 4192 noc
1129 4154 1188 4190 cum
1210 4139 1276 4190 aliie
1296 4145 1351 4191 tom
1371 4139 1459 4192 devote

219 4241 256 4293 ad
273 4240 363 4293 cundi
378 4241 552 4308 sepmlclrrum
571 4240 774 4293 occrcrrmtibua
792 4241 834 4292 irc
851 4239 952 4291 debere.
965 4235 1046 4303 Quod
1063 4235 1109 4289 ille
1128 4235 1220 4289 minus
1240 4235 1358 4289 libenter
1373 4252 1456 4304 quam

220 4337 347 4392 debuerit
355 4337 500 4406 accipiens,
509 4355 539 4392 se
548 4354 605 4392 non
617 4338 720 4392 habere
728 4337 804 4407 quod
813 4341 909 4391 sancto
919 4336 1051 4390 offerrent
1059 4335 1207 4404 respondit
1217 4335 1288 4388 Turn
1299 4333 1353 4399 illa,
1362 4339 1458 4404 utpote

220 4437 279 4503 ejus
287 4453 351 4507 quae
360 4436 388 4490 in
398 4436 546 4506 Evangelio
555 4437 655 4507 legitur
664 4438 753 4492 viduae
762 4438 821 4505 jam
834 4435 966 4490 imitatrix
979 4435 1085 4499 effecta,
1096 4433 1133 4487 ita
1143 4434 1178 4487 ad
1187 4433 1277 4487 virum
1287 4433 1341 4488 ait:
1352 4435 1397 4488 En
1408 4436 1457 4490 boc

218 4538 319 4605 iprrtm,
331 4538 404 4605 quod
414 4539 445 4590 in
464 4555 551 4591 manu
567 4555 626 4590 mcc
645 4539 761 4591 habetur
777 4538 931 4605 palliolum,
951 4536 1038 4600 credo,
1061 4535 1184 4602 perambio
1203 4535 1296 4600 exigtri
1313 4536 1350 4587 cit
1363 4537 1457 4603 pretii,

219 4636 292 4704 guod
300 4641 413 4703 gratum
423 4638 458 4689 rit
467 4637 598 4705 pontifici.
610 4637 711 4689 Verum
719 4638 768 4689 ecit
779 4639 838 4704 ipsc
846 4652 887 4689 mc
895 4636 987 4701 majus
995 4635 1068 4699 velle,
1075 4635 1101 4686 ci
1107 4649 1220 4700 possem.
1227 4631 1455 4704 Consurgensquc

185 4758 189 4765 ,
219 4731 302 4802 coepit
313 4732 399 4786 abire.
411 4731 470 4787 Hoc
481 4733 590 4803 vireJ’us
602 4733 706 4798 nolens,
714 4749 777 4788 cum
786 4749 849 4787 eam
859 4731 929 4786 inter
937 4730 1039 4787 multos
1049 4731 1227 4786 festinantem
1237 4730 1283 4787 vix
1291 4737 1455 4788 consecutus
