3338 5394
299 366 392 419 oran.
409 364 491 416 nro.
509 364 683 416 aauxnm.
703 385 750 395 —
767 362 918 415 apruxo.
936 363 983 413 an
1000 363 1081 413 con.
1099 353 1138 413 x⁰
1155 359 1280 415 eru-ra.
1335 340 1406 413 til

174 557 296 613 bledardi
306 554 441 627 pulpitum
450 555 586 618 ascendit;
599 571 756 608 sermonem
769 554 804 607 ad
818 554 951 623 populum
963 569 1079 606 exorsus
1092 558 1141 616 est,
1151 552 1217 605 satis
1229 552 1307 606 suari
1317 553 1409 606 facun-

176 656 221 711 dia
233 658 380 710 verborum
393 656 427 709 ad
440 654 625 724 paenitentiam
645 654 753 723 plebem
764 654 921 717 exhortans,
933 659 962 706 ut
973 653 1025 706 lroc
1038 651 1200 705 holocausto
1213 651 1361 705 Dominum
1373 652 1408 706 ad

176 755 392 810 misericordiam
411 759 599 822 provocarent,
612 759 639 806 et
651 754 762 806 beatum
781 750 943 820 Gregorium
955 751 1008 804 sibi
1027 750 1186 819 placabilem
1206 751 1340 812 facerent;
1358 767 1410 804 nec

176 871 257 924 posse
269 871 378 908 serrum
388 853 501 907 domino
512 852 689 914 reconciliari,
698 868 749 905 nec
758 852 875 920 gratiam
888 851 970 904 amici
981 850 1130 915 dominini
1141 868 1158 902 a
1166 856 1278 919 peccato
1291 850 1409 919 resipue-

142 962 160 1011 tt
176 955 219 1013 rit.
238 952 394 1024 promereri.
406 951 466 1018 Quo
485 952 570 1014 linito,
589 956 678 1004 cetera
691 950 781 1003 missae
795 950 938 1018 episcopus
952 949 1133 1018 prosequitur.
1144 948 1204 1015 Qua
1216 949 1409 1017 percelebrata,

177 1069 240 1107 cum
253 1052 353 1120 ingenti
367 1050 485 1119 tripudio
498 1056 623 1103 sanctum
634 1067 732 1117 corpus
742 1049 896 1117 suscipitur,
906 1054 935 1101 et
944 1065 993 1116 per
1001 1048 1199 1101 occidentalem
1209 1053 1315 1116 portam
1326 1049 1409 1102 eccle·

176 1151 224 1204 sire
232 1149 414 1211 exitur3etsic
423 1165 472 1217 per
483 1148 560 1202 urbis
569 1148 669 1200 merula
678 1147 875 1207 circumfertur,
885 1146 1034 1214 divinoque
1044 1147 1164 1209 numine,
1173 1162 1409 1215 pergameumque

177 1248 291 1311 transiit,
304 1250 387 1316 pestis
399 1247 549 1301 morbifera
560 1247 727 1316 propellitur,
740 1263 789 1299 uec
802 1246 918 1299 ulterius
932 1245 998 1298 inibi
1013 1245 1067 1299 rim
1080 1263 1157 1299 suam
1172 1245 1292 1300 exercuit
1310 1246 1409 1300 ubivis

177 1348 270 1403 divina
280 1347 431 1401 remedium
444 1364 492 1415 per
502 1347 629 1399 dilectum
643 1362 724 1399 suum
738 1345 870 1398 exhibuit.

127 1456 160 1505 lt
221 1444 278 1503 18.
298 1446 395 1500 blirum
409 1448 510 1501 etenim
529 1448 610 1509 dictu,
623 1448 688 1500 dum
702 1446 781 1499 multi
799 1446 826 1498 in
839 1445 969 1497 extremis
989 1444 1070 1513 positi
1088 1443 1210 1511 soloque,
1223 1450 1254 1497 ut
1272 1444 1357 1498 moris
1368 1450 1410 1499 est

179 1545 363 1603 morientium,
381 1544 510 1597 substrati
529 1545 653 1612 spiritum
672 1544 800 1597 ultimum
819 1544 966 1605 traherent,
984 1543 1077 1596 divina
1098 1542 1196 1595 rirtute
1215 1542 1319 1595 meritis
1336 1542 1410 1596 beati

179 1644 299 1713 Gregorii
310 1660 396 1713 papae.
408 1644 501 1696 audito
514 1644 712 1696 transeuntium
725 1642 839 1711 strepitu
851 1647 880 1695 ct
894 1642 972 1711 quasi
981 1641 1131 1695 dolentium
1146 1643 1260 1710 fragore,
1270 1647 1410 1710 resumpto

179 1741 316 1810 paulisper
327 1741 393 1793 flatu
412 1740 496 1802 vitali,
508 1745 538 1793 ut
556 1745 688 1808 poterant,
707 1741 848 1809 requirunt
865 1742 992 1809 quisnam
1013 1740 1059 1793 ille
1077 1745 1168 1793 taulus
1186 1745 1259 1793 esset
1274 1741 1411 1808 strepitus.

181 1840 304 1909 Cumque
317 1840 352 1893 ab
364 1840 517 1893 astantibus
529 1839 665 1892 diceretur
676 1840 750 1907 quod
763 1840 860 1893 beatus
870 1846 897 1892 et
914 1839 1028 1892 dilectus
1050 1840 1159 1893 Domini
1178 1839 1322 1908 Gregorius
1339 1845 1411 1893 tran·

130 1950 161 1997 tlt
180 1939 253 2002 siret,
275 1939 354 2007 quasi
372 1939 405 1991 de
423 1939 497 2007 gravi
513 1955 610 1991 somno
632 1938 813 2006 expergefacti
835 1955 890 2005 prae
907 1938 1006 2005 gaudio
1027 1937 1201 1991 exclamant:
1216 1939 1330 2004 ODeua,
1342 1948 1365 1991 et
1382 1948 1411 1991 tu

181 2039 273 2089 dr'lcrtc
294 2039 405 2089 Dorrrr‘m'
425 2048 514 2088 soracte
539 2036 664 2102 (fragori,
684 2039 835 2089 consolator·
861 2040 1032 2099 miscrorum,
1052 2038 1244 2102 exbraccatum
1263 2036 1412 2105 statimque

182 2136 307 2189 levamen
324 2136 446 2188 sentiunt
455 2154 469 2194 ε,
479 2151 542 2187 nam
568 2138 642 2187 reste
654 2134 773 2186 reinduti
786 2139 813 2186 et
828 2132 903 2186 velut
915 2150 930 2186 a
943 2134 1022 2187 fauce
1034 2136 1131 2187 mortis
1143 2135 1228 2203 erepti
1240 2152 1256 2187 a
1273 2135 1343 2188 lecto
1356 2151 1413 2188 sur·

181 2240 248 2302 gunt
259 2241 286 2288 et
298 2252 348 2287 suo
361 2234 478 2302 ereptori
502 2234 661 2287 innumeras
677 2234 778 2302 gratiam
795 2233 924 2286 referunt.
937 2233 1040 2287 Erectis
1056 2235 1091 2287 ad
1108 2235 1239 2288 feretrum
1256 2235 1413 2301 luminibus,

179 2334 281 2402 junctis
292 2350 358 2387 sero
376 2350 447 2402 genu
465 2334 536 2386 flexo
553 2333 689 2395 manibus,
702 2332 795 2403 sicque
808 2333 905 2386 ceteris
921 2333 1036 2386 admixti
1056 2334 1186 2386 feretrum
1204 2338 1414 2403 prosequuntur,

130 2441 165 2493 ιο
182 2432 286 2486 Deinde
298 2449 360 2486 cum
373 2432 448 2486 omui
468 2433 569 2501 populo
589 2433 624 2485 ad
637 2432 728 2485 locum
741 2432 908 2502 pausationis
920 2448 975 2486 sure
995 2448 1057 2485 cnm
1070 2432 1169 2500 gaudio
1181 2432 1315 2500 spirituali
1326 2450 1414 2502 usque

181 2532 330 2586 deducitur.
344 2532 374 2584 ln
395 2532 468 2585 atrio
481 2532 572 2600 itaque
585 2531 679 2600 templi
696 2532 775 2584 sedes
791 2531 879 2599 lignea
897 2536 1048 2599 coaptatur,
1066 2548 1147 2600 supra
1164 2548 1246 2600 quam
1264 2532 1414 2586 collocatur

182 2630 321 2689 feretrum,
334 2634 364 2682 ut
375 2630 472 2683 subtus
486 2629 616 2682 feretrum
631 2628 746 2698 populus
765 2628 947 2697 pertransiens
964 2629 1183 2682 benedictionem
1197 2629 1265 2682 tanti
1277 2630 1414 2697 pontificis

181 2734 373 2797 promereatur
384 2729 406 2790 *,
416 2732 444 2780 et
456 2732 533 2780 tanta
546 2727 632 2796 gratia
644 2727 786 2795 insignitus
798 2728 831 2779 ad
845 2728 956 2796 propria
973 2732 1048 2780 tutus
1060 2733 1088 2780 et
1099 2727 1168 2780 liber
1185 2728 1219 2781 ab
1232 2727 1311 2781 hoste
1323 2744 1413 2782 rever·

182 2830 263 2879 tatur.
281 2825 386 2892 Quibus
398 2825 550 2889 transactio,
570 2826 701 2878 feretrum
714 2825 869 2888 resumitur,
881 2826 953 2877 intro
970 2827 1086 2878 refertur
1098 2831 1125 2878 el
1142 2843 1225 2893 supra
1237 2843 1313 2879 aram
1326 2827 1413 2880 beatas

132 2936 165 2985 π
181 2923 273 2977 Mariae
286 2923 398 2991 ponitur
410 2943 416 2985 ;
429 2923 476 2976 ubi
495 2923 585 2977 omnis
597 2923 713 2991 populus
731 2923 869 2985 confluxit,
881 2928 911 2975 ut
922 2923 1083 2976 muneribus
1091 2929 1119 2977 et
1130 2924 1209 2977 donis
1221 2931 1373 2994 ereptorem
1387 2929 1415 2979 et

183 3027 365 3091 protectorem
386 3040 467 3078 suum
488 3024 664 3077 honorarent
688 3022 796 3077 Veritus
816 3027 909 3075 autern
931 3023 972 3076 vir
994 3023 1124 3090 providus
1144 3024 1202 3091 jam
1223 3024 1311 3078 dictus
1328 3025 1414 3079 abbas

181 3124 294 3176 nomine
304 3122 457 3186 Gaufridus,
466 3139 501 3176 ne
514 3123 540 3176 id
553 3123 675 3176 avaritiae
688 3128 716 3175 et
729 3122 870 3190 cupiditati
880 3127 973 3190 posset
982 3122 1089 3186 ascribi,
1098 3124 1207 3177 sublato
1217 3124 1296 3177 citius
1304 3125 1414 3189 feretro,

182 3237 245 3274 cum
258 3221 363 3275 bonore
374 3221 458 3289 digno
467 3238 518 3275 suo
527 3221 680 3274 restituitur
689 3221 758 3283 loco,
770 3221 863 3288 sicque
873 3237 968 3273 ornnes
979 3221 1033 3274 laeti
1043 3223 1078 3274 ad
1087 3221 1195 3290 propria
1204 3223 1319 3276 redeunt
1328 3224 1414 3277 Deum

181 3320 363 3389 glorificantes
376 3321 403 3373 in
416 3320 546 3389 operibus
566 3321 622 3374 suis
640 3326 667 3373 et
684 3321 796 3373 beatum
813 3320 974 3388 Gregorium
993 3321 1198 3388 magnificantes
1214 3339 1261 3390 per
1279 3323 1292 3351 *
1310 3323 1413 3377 donum

132 3429 164 3481 aa
182 3419 297 3473 caelestis
308 3421 437 3473 muneris.
450 3421 494 3474 Sic
509 3420 636 3489 deinceps
648 3437 735 3488 usque
748 3437 819 3473 nunc
831 3420 936 3473 ureritis
946 3421 1019 3473 beati
1028 3420 1150 3488 Gregorii
1161 3421 1244 3489 pestis
1254 3421 1300 3474 illa
1309 3421 1336 3474 in
1346 3421 1414 3475 urbe

182 3518 345 3572 Suessonica
355 3520 468 3587 quierit,
477 3525 505 3572 et
515 3520 613 3573 eodem
626 3520 678 3601 die,
691 3536 746 3587 quo
759 3536 776 3572 a
788 3519 889 3588 populo
902 3520 1029 3572 Romano
1038 3520 1134 3572 virens
1143 3519 1171 3572 in
1186 3536 1300 3588 corpore
1310 3520 1413 3574 orando

182 3624 285 3687 pestem
300 3618 481 3688 inguinariam
491 3618 602 3687 expulit,
613 3618 672 3685 ipso
683 3618 726 3670 die
739 3635 754 3670 a
767 3618 868 3686 populo
879 3618 1042 3671 Suessonico
1055 3619 1180 3672 eamdem
1194 3625 1307 3688 pestem,
1319 3620 1367 3673 def
1405 3648 1413 3658 ·

183 3722 243 3771 ctus
255 3734 376 3786 corpore,
389 3718 484 3771 virens
503 3717 616 3780 meritis,
626 3716 804 3785 propulsavit.
822 3717 900 3770 Unde
920 3716 993 3784 apud
1011 3733 1062 3771 nos
1079 3734 1134 3786 prae
1151 3718 1248 3771 ceteris
1265 3719 1365 3771 sanctis
1377 3719 1413 3772 ab

184 3817 312 3870 omnibus
323 3817 474 3870 admiratus
486 3816 592 3869 dulcius
605 3832 705 3868 nonren
719 3816 778 3882 ejus
791 3815 918 3869 recolitur
936 3821 964 3869 et
980 3817 1141 3885 propensius
1153 3817 1233 3870 etiam
1254 3818 1413 3871 muneribus

134 3922 166 3972 35
183 3918 212 3968 et
229 3915 410 3969 luminaribus
430 3916 582 3968 honoratur
604 3920 631 3968 et
650 3915 777 3967 devotius
803 3914 911 3967 assidue
932 3920 1068 3968 exoratur.
1087 3916 1134 3968 Est
1151 3921 1178 3968 et
1196 3918 1269 3984 apud
1287 3933 1337 3970 nos
1354 3918 1413 3983 ejus

182 4016 301 4082 scyphus
308 4015 329 4078 *,
340 4015 367 4067 in
375 4030 431 4083 quo
444 4015 472 4068 in
482 4014 552 4067 festo
562 4015 621 4081 ejus
634 4015 669 4067 ab
682 4014 758 4067 ornni
767 4013 869 4082 populo
879 4014 992 4083 bibitum
1002 4014 1036 4066 ad
1046 4014 1121 4081 quod
1130 4016 1250 4083 undique
1259 4016 1319 4085 plus
1328 4032 1411 4084 quam

182 4112 231 4166 XX
242 4112 317 4166 milia
328 4114 473 4166 hominum
487 4130 560 4181 saepe
572 4113 721 4167 confluunt.
739 4113 778 4165 De
796 4129 851 4180 quo
869 4112 972 4181 scypho
990 4118 1134 4180 expertum
1152 4120 1193 4167 est
1210 4131 1287 4183 parre
1304 4116 1412 4170 assidue

183 4213 385 4266 infirmantibus
394 4216 421 4266 et
434 4211 651 4266 febricitantibus
664 4211 816 4265 remedium
824 4210 920 4265 salutis
932 4211 1084 4279 provenire.

228 4311 281 4370 19.
296 4311 429 4364 Praedicta
438 4311 531 4378 itaque
541 4315 616 4380 peste
625 4311 653 4363 in
661 4311 726 4364 xilla
735 4310 890 4380 episcopali,
898 4327 959 4378 quae
968 4309 1066 4364 dicitur
1074 4312 1330 4381 Septemmontium,
1337 4330 1412 4368 exar-

134 4413 167 4467 to
183 4412 319 4474 descente,
331 4411 429 4463 iterum
448 4426 496 4478 per
510 4409 621 4462 beatum
634 4408 794 4478 Gregorium
812 4409 934 4463 divinam
953 4426 1033 4477 opem
1046 4411 1149 4479 experti
1162 4416 1226 4464 sunt
1238 4413 1296 4480 ejus
1309 4412 1413 4469 incolae.

183 4507 283 4563 lfoenia
299 4509 381 4578 igitur
396 4508 532 4577 praedictae
545 4509 621 4562 urbis
633 4525 730 4562 verens
744 4508 877 4577 attingere
890 4508 1019 4575 praedicta
1031 4511 1114 4577 pestis
1126 4513 1203 4563 extra
1215 4511 1301 4579 ipsius
1312 4512 1414 4566 moenia

185 4614 300 4677 temptat
309 4608 434 4662 villarum
448 4607 551 4661 incolas
560 4608 730 4661 attaminare.
743 4607 809 4675 Quae
819 4607 918 4661 cotidie
930 4608 1017 4677 magis
1029 4624 1061 4661 ac
1074 4609 1159 4677 magis
1174 4626 1332 4664 accrescens
1344 4611 1413 4665 inte·

184 4707 267 4761 ritum
278 4707 407 4761 omnibus
424 4723 501 4776 paene
523 4706 688 4761 minabatur.
705 4706 766 4774 Qui,
789 4707 951 4761 necessitate
968 4707 1065 4761 mortis
1082 4714 1204 4776 urgente,
1221 4712 1412 4781 presbyterum

1438 2732 1452 2761 *
1465 2733 1520 2785 cod.
1529 2747 1637 2799 prorue-

1480 2801 1598 2852 reantur.

1490 3326 1505 3357 *
1516 3327 1571 3392 lege

1479 3398 1598 3460 propter.

1448 4018 1462 4047 *
1474 4019 1529 4071 eorl.
1542 4016 1618 4072 cifus.
