3270 5400
439 371 532 424 areu.
558 371 638 427 ano.
664 372 836 424 nnumin.
863 396 910 404 -
935 375 1015 427 coo.
1042 367 1080 427 u⁰
1105 373 1229 428 aisa-co.
1399 356 1446 429 59

227 556 349 611 Auratum
362 562 392 612 et
402 559 600 630 Leodegarium
610 563 756 618 crudeliter
767 565 954 633 persequendo
963 570 992 618 et
1003 565 1143 634 tyrannice
1154 564 1325 634 captivando,
1334 564 1445 634 pessimi

228 655 336 710 consilio
347 657 621 730 Ebrouisapropriis
629 663 741 716 sedibus
752 679 801 716 eos
810 663 929 731 ejiciens.
1484 639 1487 646 Ι

265 753 318 811 15.
339 761 377 814 At
390 773 459 810 uero
474 757 548 812 baud
558 760 572 790 ⁸
581 758 661 829 longe
672 776 689 813 a
700 759 856 829 supradicto
873 760 998 813 coenobio
1009 759 1183 813 beatissimus
1194 760 1354 814 llauruntus
1363 759 1444 813 aliam
1482 764 1562 816 *cod
1574 764 1629 816 trau

227 852 340 921 pulchrae
352 852 542 908 aedificationis
552 854 697 908 fabricavit
714 856 866 920 ecclesiam,
882 872 966 924 quam
984 857 1012 909 in
1024 856 1130 910 honore
1147 856 1197 909 Dei
1208 856 1346 925 genitricis
1356 857 1447 910 liariae

202 963 213 1012 t
225 956 249 1005 et
256 952 421 1007 sanctissimi
430 958 514 1023 atque
522 953 659 1022 pontilicis
667 955 760 1007 Amati
769 954 888 1008 dedicari
899 954 1008 1019 iaciens,
1015 971 1168 1024 corpusque
1177 960 1302 1009 sanctum
1312 956 1346 1009 de
1354 972 1447 1024 supra·

227 1050 291 1103 dicta
301 1051 417 1104 ecclesia
437 1052 608 1116 translatum,
618 1052 711 1107 divina
728 1052 867 1106 reuelante
883 1053 978 1122 gratia,
995 1054 1130 1108 advocato
1146 1053 1293 1107 llorinensi
1310 1055 1446 1123 episcopo,

226 1148 330 1202 nomine
342 1148 440 1215 Baino,
452 1154 481 1202 et
492 1149 556 1204 cleri
573 1149 715 1218 plebisque
733 1155 805 1204 coetu
821 1150 1051 1219 frequentissimo,
1068 1150 1097 1205 in
1113 1167 1186 1205 nova
1198 1157 1296 1220 quarto
1311 1152 1447 1205 Kalendas

226 1245 377 1316 llaiiquam
390 1248 549 1316 dignissime
566 1249 719 1303 recondidit
736 1249 815 1317 juxta
832 1248 925 1313 altare,
943 1249 971 1303 in
989 1249 1114 1303 orientali
1130 1255 1220 1318 parte;
1237 1250 1285 1303 ubi
1302 1250 1394 1314 etiam,
1411 1252 1447 1304 ad

226 1344 329 1399 laudem
340 1346 454 1400 Domini
467 1347 553 1401 nostri
564 1348 629 1402 Jesu
641 1347 751 1411 Christi,
763 1348 912 1402 consessori
920 1348 1050 1416 praeclaro
1059 1349 1235 1402 servientium
1245 1349 1445 1403 monachorum
1523 1406 1528 1414 ,

192 1455 214 1504 to
228 1444 340 1513 regulam
353 1447 532 1511 constituens,
545 1447 669 1500 omnium
686 1447 827 1511 electione,
840 1446 889 1500 Dei
900 1451 992 1500 auteur
1005 1447 1186 1512 ordinatione,
1197 1447 1253 1517 ipse
1264 1447 1338 1501 idem
1349 1448 1445 1516 glorio
1518 1506 1523 1519 ‚

227 1560 268 1597 sus
278 1544 365 1598 abbas
378 1545 476 1599 extitit

264 1640 318 1699 16.
341 1644 396 1696 Sed
408 1659 444 1696 ne
457 1643 491 1696 de
502 1643 587 1697 nimia
596 1643 641 1697 vel
652 1643 797 1697 velocitate
808 1642 852 1696 vel
863 1642 1048 1696 taciturnitate
1059 1643 1095 1697 ab
1106 1643 1198 1711 aliquo
1210 1660 1363 1712 arguamur,
1372 1645 1446 1712 quod

228 1739 300 1808 paulo
312 1746 376 1794 ante
394 1740 606 1809 pretermissum
620 1746 661 1794 est
670 1757 751 1793 cursu
762 1740 919 1808 retrogrado
930 1739 1126 1792 estimavimus
1137 1740 1339 1808 rependendum
1349 1760 1355 1802 ;
1369 1741 1447 1809 quid·

229 1855 274 1908 que
282 1839 315 1892 de
324 1855 417 1893 massa
429 1839 494 1892 ferri
510 1854 591 1908 supra
604 1844 699 1908 pectus
711 1839 830 1902 iuventa,
840 1839 925 1892 immo
938 1838 1041 1907 pectori
1053 1840 1112 1905 ejus
1124 1838 1208 1892 inlisa
1219 1839 1321 1892 factum
1334 1839 1370 1893 sit
1376 1840 1446 1906 judi-

196 1947 217 1994 u
230 1954 314 1993 eamus
323 1939 518 1992 enarrandum.
526 1938 601 1992 Fecit
612 1940 674 1993 inde
690 1939 899 2008 probatissimus
911 1939 997 1992 abbas
1012 1939 1162 1992 immanem
1174 1944 1299 1993 catenam
1312 1940 1446 2003 fabricari,

231 2051 312 2104 mam,
323 2038 352 2090 in
364 2037 491 2105 sepulcro
506 2037 592 2091 sancti
611 2038 732 2102 affixam,
749 2036 899 2107 probabilis
916 2036 1053 2105 patientiae
1072 2036 1179 2105 signum
1200 2037 1312 2091 evidens
1331 2038 1446 2106 posteris

231 2135 306 2189 voluit
317 2136 457 2191 exhibere.

264 2234 316 2291 17.
338 2233 380 2286 Ad
393 2233 585 2288 declarandam
598 2250 662 2302 ergo
673 2234 766 2304 glorire
784 2232 964 2302 quantitatem
978 2233 1005 2288 in
1017 2234 1103 2298 terris,
1116 2249 1170 2302 qua
1182 2234 1446 2303 praecellentissimus

231 2333 359 2387 consessor
371 2331 516 2385 fruebatur
524 2330 552 2383 in
561 2329 643 2393 coelis,
653 2329 816 2383 multimoda
825 2329 982 2382 infirmitate
994 2330 1105 2393 detenti,
1117 2330 1151 2383 ad
1166 2331 1225 2398 ejus
1236 2331 1373 2402 tumulum
1385 2348 1446 2401 pro·

197 2436 219 2487 a
231 2437 352 2500 perantes,
365 2437 465 2485 catena
476 2429 553 2499 quasi
565 2434 641 2483 tactu
658 2429 816 2498 hujusmodi
832 2429 954 2482 officium
967 2430 1120 2497 praestante,
1132 2431 1324 2484 multimodam
1336 2447 1445 2500 recupe-

231 2531 481 2585 rabantsanitatem.
490 2529 541 2583 Per
550 2529 648 2582 merita
660 2529 732 2582 enim
742 2529 829 2582 sancti
841 2528 880 2581 ibi
891 2528 1051 2582 daemoniaci
1067 2528 1260 2593 liberabantur,
1272 2531 1348 2583 curvi
1359 2530 1445 2599 erige·

231 2629 325 2696 bantur,
333 2636 362 2685 et
370 2630 565 2700 qualicumque
578 2628 745 2682 infirmitatis
756 2644 854 2697 genere
866 2628 987 2697 oppressi
999 2628 1081 2681 saluti
1093 2628 1289 2682 reddebantur:
1299 2634 1444 2698 praestante

230 2729 334 2785 Domino
356 2733 454 2784 nostro
476 2729 541 2782 lesu
561 2728 679 2792 Christo,
703 2727 746 2782 cui
771 2733 812 2781 est
836 2728 927 2781 honor
949 2732 977 2780 et
1001 2727 1087 2795 gloria
1111 2729 1139 2781 in
1164 2729 1256 2782 secula
1280 2728 1443 2782 seculorum.

231 2828 314 2885 tmen.

455 3277 553 3366 xul.
583 3277 708 3365 (lodex
733 3279 918 3386 signatus
947 3299 992 3364 n⁰
1019 3278 1204 3369 7483-86.

253 3515 388 3570 Foliorum
409 3532 483 3570 nunc
502 3517 549 3569 atr
568 3517 644 3583 (nam
666 3515 742 3568 initio
759 3515 871 3569 mutilus
888 3518 948 3581 est),
965 3515 1061 3568 tonnae
1079 3515 1190 3584 majoris
1214 3517 1302 3582 (uam
1320 3525 1345 3573 ><
1364 3518 1442 3582 029),

227 3613 350 3668 columnis
376 3615 457 3676 binis,
480 3614 558 3668 lineis
586 3614 716 3683 graphide
743 3613 871 3681 plumbea
898 3613 995 3677 ductis,
1019 3613 1132 3667 diversis
1160 3615 1287 3667 manibus
1315 3619 1442 3668 exaratus

227 3713 305 3766 sedo
320 3713 393 3767 xlii.
414 3713 498 3767 Tituli
519 3712 604 3766 minio
630 3713 737 3781 signati,
762 3712 831 3766 sicut
856 3717 884 3767 et
908 3713 1004 3766 litteras
1030 3712 1159 3780 capitales
1185 3713 1303 3780 majores
1328 3713 1440 3766 exordio

227 3811 335 3880 capitum
350 3811 512 3880 (prasertim
525 3813 615 3865 atolio
629 3814 701 3880 179);
713 3813 812 3866 harum
824 3813 951 3880 quaedam
967 3812 1050 3865 etiam
1062 3811 1141 3865 uiridi
1155 3816 1203 3865 aut
1213 3811 1329 3864 cacruleo
1341 3812 1440 3865 colore.

227 3905 362 3966 Exordium
376 3910 545 3980 singularum
558 3910 680 3964 vitarum
694 3911 851 3979 insignitum
869 3916 911 3964 est
928 3911 1029 3978 ingenti
1046 3909 1137 3964 littera
1149 3910 1258 3977 capitali
1271 3911 1352 3964 variis
1368 3910 1440 3963 colo·

226 4007 289 4064 ribus
304 4010 457 4064 admodum
474 4009 620 4063 artificiose
632 4009 747 4076 depicta,
763 4010 879 4063 subinde
898 4010 980 4063 etiam
997 4014 1074 4064 scuto
1093 4009 1158 4064 item
1175 4010 1320 4064 artificiose
1332 4009 1439 4078 depicto

227 4104 354 4178 inposita3
367 4109 417 4163 sed
429 4109 485 4163 lere
497 4125 593 4162 omnes
605 4109 665 4162 istae
676 4108 773 4161 litterae
784 4125 869 4162 manu
881 4109 998 4163 barbara
1011 4108 1109 4163 excissa
1120 4114 1192 4163 sunt.

250 4207 372 4263 luteriori
393 4212 551 4279 tegumento
570 4212 598 4261 et
614 4207 681 4260 solio
699 4207 845 4260 chartaceo
864 4210 892 4262 in
908 4208 997 4276 capite
1014 4207 1115 4261 codicis
1132 4208 1234 4261 inserto
1245 4211 1358 4276 apparet
1375 4213 1441 4262 nota

228 4301 250 4373 0
266 4293 318 4366 MS
332 4309 357 4372 5,
369 4323 426 4376 qua
437 4307 573 4361 indicatur
585 4306 706 4359 codicem
719 4305 786 4359 olim
797 4305 881 4359 fuisse
893 4306 982 4359 musei
993 4306 1172 4370 Bollandiani.

312 4478 348 4550 1⁰
374 4474 517 4568 [Passio
534 4480 673 4548 sanctae
693 4473 868 4566 Eugeniae
883 4473 1035 4566 virginis
1052 4480 1088 4548 et
1105 4481 1320 4548 sanctorum
1342 4497 1438 4549 mar-

357 4597 483 4683 tyrum
501 4589 629 4663 Prothi
646 4595 682 4663 et
698 4589 864 4682 lacincti]
882 4590 960 4683 (fol.
983 4592 1093 4682 128¹).

250 4718 322 4774 Edita
333 4720 408 4790 apud
425 4719 520 4789 biigne,
537 4719 566 4774 P.
583 4720 622 4785 la,
640 4725 706 4774 tom.
718 4720 835 4784 uxxnr,
848 4736 874 4788 p.
891 4720 1009 4774 eunoun
1027 4719 1127 4773 —Sed
1144 4720 1211 4774 solio
1224 4721 1251 4773 in
1264 4721 1323 4774 cod.
1339 4720 1438 4784 exciso,
