3270 5400
189 292 263 366 480
528 309 653 361 carri..
679 309 783 362 conr.
809 307 1085 360 macerarere.

190 505 248 556 turn
259 501 319 565 tuit,
332 505 362 555 ut
378 517 427 569 per
438 516 467 554 se
480 517 584 554 novum
602 500 725 554 codicem
737 500 903 553 efformarei.
915 499 1017 552 Eodem
1031 496 1099 553 iolio
1113 499 1138 551 1ῐ
1150 498 1254 567 scripta
1264 503 1331 553 sunt
1342 500 1418 553 etiam

189 618 249 670 sqq.
260 620 265 655 :
278 602 361 655 Liber
372 601 476 654 Sancta
485 601 581 654 Maria
592 602 624 653 dc
633 602 714 653 Atrio.

293 786 328 857 1⁰
353 783 438 856 Vita
463 781 687 856 sanctissimi
709 782 863 856 Servatii
889 784 1119 878 tungrensis
1144 781 1335 876 pontificis
1352 783 1380 879 (i
1398 783 1418 854 1.

342 897 475 994 aaa).

225 1027 287 1081 vita
299 1026 425 1082 fabulosa
436 1045 497 1098 quae
510 1029 620 1099 incipit:
635 1029 854 1097 Trojuceuurum
865 1031 1020 1098 metropolis
1032 1031 1208 1084 Francorum
1229 1029 1353 1096 Tutioris
1370 1046 1419 1097 qua

186 1127 271 1193 juxto
280 1127 350 1180 beuti
361 1128 649 1196 Servatiipemsoqium
661 1144 752 1181 coram
764 1129 857 1181 Hunis
863 1127 946 1194 jussu
960 1127 1012 1182 Dei
1022 1131 1136 1194 corruit,
1143 1129 1343 1194 {tammum
1354 1130 1418 1191 oiim,

191 1227 501 1295 famosissimoquesuib
512 1229 743 1295 spectaculumque
753 1229 846 1294 prisca
858 1229 956 1280 muudi
963 1235 1027 1282 utor
1038 1229 1105 1295 quid
1116 1228 1243 1281 uoluerit.

290 1327 328 1399 10
353 1325 439 1400 Vita
457 1327 494 1401 S.
512 1326 683 1420 Genguifi
701 1327 874 1419 martyris
888 1326 963 1423 (iol.
983 1328 1145 1424 36”-39”).

224 1456 303 1510 satta
312 1455 340 1509 rn
353 1460 411 1510 acc.
423 1458 479 1522 ss,
491 1458 526 1510 aa
536 1458 561 1510 a.
575 1457 604 1511 11
618 1456 689 1522 aar,
702 1462 769 1511 tom.
781 1457 814 1523 11,
826 1472 851 1526 p.
863 1458 913 1511 aa
923 1473 982 1526 sqq.

290 1559 327 1630 3⁰
352 1557 529 1631 Miracuia
558 1558 594 1631 S.
621 1557 791 1651 Gengulfi
821 1556 982 1631 Florinis
1011 1558 1110 1631 iacta
1134 1564 1172 1632 ei
1202 1581 1227 1631 a
1249 1558 1417 1633 Gonzone

337 1673 471 1747 abbate
488 1674 692 1748 luculenter
709 1674 807 1747 edita
825 1673 899 1767 (fol.
918 1673 1080 1768 dds-div).

223 1803 298 1867 ibid..
310 1820 334 1871 p.
346 1804 402 1868 648,
413 1803 440 1857 in
452 1804 512 1857 cod.
521 1804 588 1873 proi.
598 1820 662 1871 om„
670 1804 719 1858 sed
731 1803 790 1857 lraec
802 1804 878 1858 add:
890 1806 1057 1871 Godcfridus
1066 1805 1156 1859 ducet
1164 1805 1331 1861 rainonem
1342 1824 1418 1861 cotucs

189 1903 264 1969 opud
276 1902 408 1956 t'tortnas
418 1919 536 1970 puuctum
550 1910 751 1968 conseruerunt,
763 1904 811 1956 ubi
829 1920 872 1956 res
889 1905 964 1956 mira
976 1904 1029 1957 bac
1048 1904 1167 1970 conubii.
1181 1905 1252 1957 Cum
1263 1905 1417 1960 maecum

189 2019 262 2069 spem
274 2003 456 2068 oictoriujom
466 2002 581 2068 traheret,
592 2003 704 2056 babebat
716 2005 816 2072 quippe
831 2004 994 2068 filacterium
1006 2020 1023 2055 a
1035 2004 1101 2057 coilo
1113 2020 1199 2071 usquc
1210 2006 1250 2057 od
1256 2012 1353 2073 pectus
1359 2023 1417 2074 pue

188 2102 253 2155 dena
270 2108 424 2155 sauctorum
436 2103 563 2169 reliquiis
574 2104 713 2169 refertum,
725 2118 842 2170 quorum
857 2103 1013 2171 patrocinio
1024 2119 1053 2156 cc
1063 2104 1093 2156 iu
1107 2105 1243 2172 periculis
1261 2111 1350 2158 tutum
1364 2107 1417 2171 tore

188 2201 316 2254 credebat.
329 2201 449 2254 [tutante
461 2203 575 2255 termino
590 2203 648 2255 cita
655 2203 817 2268 filacterium
828 2220 845 2254 a
854 2203 922 2255 coilo
930 2203 989 2268 ejus
998 2203 1089 2256 esicus
1098 2205 1328 2271 eupertumuium
1336 2206 1418 2272 compi

188 2300 293 2353 exilivit
304 2306 327 2354 ct
339 2316 402 2353 moc
411 2316 495 2353 comcs
504 2302 661 2368 perimitur.
676 2301 754 2366 Quod
762 2302 924 2367 filacterium
933 2301 1044 2368 quidam
1055 2302 1168 2354 mtieeiu
1178 2303 1270 2370 coliae
1279 2304 1417 2367 abscondit,

188 2399 234 2451 aed
245 2414 312 2452 cocu
323 2399 382 2465 ejus
393 2405 416 2452 ct
429 2414 509 2452 crure
527 2400 714 2453 intumescente
725 2416 783 2453 rem
793 2401 916 2467 prodidit
927 2407 951 2453 ct
963 2400 1071 2454 domino
1088 2416 1138 2454 auo
1156 2400 1241 2455 dedit.
1255 2400 1416 2472 Sequiturin

188 2496 249 2551 cod.
263 2495 377 2564 epistola
386 2495 554 2565 apologetica
567 2513 650 2566 quam
666 2496 781 2551 clericus
793 2497 921 2562 ecclesiae,
933 2499 964 2550 ut
976 2495 1090 2561 videtur,
1103 2497 1252 2551 Remensis
1261 2499 1417 2569 conseripsit

188 2594 222 2647 ad
235 2593 309 2647 beati
322 2591 371 2646 viri
384 2593 469 2647 vitam
481 2594 610 2648 tuendam
628 2595 663 2648 ab
682 2595 866 2660 anathemate,
875 2595 949 2664 quod
967 2594 995 2647 in
1010 2593 1130 2664 aliquam
1144 2594 1271 2662 ejusdem
1289 2596 1353 2650 rita
1363 2611 1415 2666 par·

187 2698 244 2746 tcnr
259 2693 295 2760 (1)
308 2693 408 2747 tulerat
415 2692 508 2758 abbas,
521 2694 555 2748 ad
567 2711 649 2763 quem
663 2699 694 2748 ut
705 2694 931 2749 transcriberetur
943 2694 1058 2748 remissa
1070 2693 1168 2747 iuerat.
1181 2693 1242 2748 vid.
1255 2693 1377 2763 Append.

284 2793 323 2864 4⁰
349 2791 478 2865 Passio
496 2792 699 2867 beatissimi
725 2792 842 2867 Mauri
869 2793 1043 2886 martyris
1060 2793 1325 2889 sociorumque
1342 2794 1414 2889 ejus

335 2907 409 3004 (for.
428 2908 591 3005 astar).

222 3037 317 3092 Passio
336 3038 370 3091 de
382 3054 436 3107 qua
449 3043 541 3092 actum
560 3042 601 3092 est
613 3038 641 3091 in
650 3040 710 3093 Act.
725 3040 779 3104 SS.‚
792 3040 826 3093 ad
839 3040 864 3094 d.
876 3041 909 3094 Pi.
919 3040 993 3110 Aug„
1006 3040 1127 3107 tom.1V‚
1140 3057 1165 3110 p.
1177 3041 1237 3106 517,
1249 3057 1326 3096 num.
1340 3044 1376 3096 11.
1387 3041 1413 3095 in

187 3137 247 3192 cod.
261 3135 383 3204 subjecta
395 3143 436 3191 est
448 3137 564 3206 epistola
575 3137 689 3192 Arnaldi
700 3137 845 3193 flamensis
858 3139 1056 3209 archiepiscopi
1069 3140 1104 3194 ad
1115 3139 1277 3196 Baldricum
1289 3141 1414 3196 Leodien·

188 3252 246 3291 acm
258 3235 417 3305 episcopum
430 3237 464 3290 de
476 3237 599 3306 ejusdem
608 3237 696 3292 sancti
706 3239 834 3309 martyris
843 3239 973 3309 reliquiis,
983 3255 1067 3309 quam
1076 3238 1105 3293 in
1113 3238 1240 3309 Append.
1251 3241 1372 3296 edemus.

287 3341 324 3411 5⁰
350 3339 402 3411 De
432 3344 562 3413 sancto
588 3340 759 3414 iohanne
784 3340 952 3434 Baptista
978 3346 1014 3415 et
1039 3340 1205 3434 reliquiis
1235 3342 1319 3437 ejus
1348 3343 1413 3439 (foi.

335 3455 497 3551 sav-541).
1258 3546 1263 3551 ,

221 3582 347 3638 Narratio
361 3584 506 3653 desumpta
518 3599 551 3638 ex
562 3583 684 3654 Gregorii
692 3585 860 3641 Turonensis
871 3586 941 3641 libro
954 3589 983 3641 iu
990 3589 1081 3655 clorio
1089 3594 1254 3656 umrtyrum,
1263 3604 1339 3645 num.
1350 3589 1414 3644 11-19

191 3684 335 3752 (Greoorii
345 3684 442 3753 Opera,
454 3684 518 3738 edit.
527 3683 639 3751 Arendt,
648 3703 692 3756 pp.
701 3686 827 3753 tat-500).

287 3785 326 3857 6⁰
351 3784 481 3859 Passio
500 3785 535 3859 S.
550 3787 727 3861 Gordiani
744 3787 929 3880 martyris,
948 3809 1032 3881 quae
1049 3788 1172 3882 agitur
1184 3812 1222 3864 vr
1235 3791 1320 3866 idus
1336 3789 1415 3864 Maii

336 3901 410 3998 (foi.
431 3904 594 3999 scr-55⁹).

221 4030 288 4084 Vide
296 4046 387 4100 supra,
396 4048 421 4101 p.
430 4032 487 4098 tta,
495 4034 532 4086 6⁰.

290 4134 327 4205 7⁰
353 4132 482 4207 Passio
500 4139 713 4208 sanctorum
731 4134 849 4227 Cyrici
870 4142 907 4209 et
932 4136 1070 4210 iulittae
1095 4139 1227 4212 matris
1249 4139 1332 4233 ejus
1347 4141 1376 4237 (i
1394 4140 1414 4211 l.

338 4250 501 4346 sor-ss).

225 4377 320 4432 Passio
331 4383 444 4433 auctore
452 4379 578 4449 Philippo
589 4381 623 4434 de
630 4380 786 4436 Elemosina
796 4382 896 4436 abbate
905 4381 979 4437 edita
987 4383 1061 4453 apud
1068 4383 1165 4454 Hisne,
1174 4385 1204 4439 P.
1212 4384 1253 4452 L,
1261 4390 1328 4442 tom.
1336 4384 1416 4449 cant.

189 4491 214 4544 p.
229 4477 290 4531 1³01
301 4493 360 4547 sqq.

227 4675 264 4739 (1)
276 4675 500 4744 Reprehensione
512 4678 734 4748 dignaJ'udiearit
744 4696 778 4735 ea
789 4696 851 4750 qua
863 4685 974 4736 narrata
981 4685 1046 4736 sunt
1055 4686 1120 4738 tom.
1133 4683 1186 4749 cit,
1195 4701 1221 4754 μ
1232 4685 1372 4751 mnam.
1381 4685 1414 4738 tr.
