3270 5400
233 321 302 394 tte
561 344 688 396 carm„
712 344 817 396 oonn.
842 343 1123 395 armosnarmr„

229 554 296 592 uns
308 539 531 593 mamiliam
543 540 635 593 tratrIs
645 539 929 608 idk'noetimpudico
940 539 1354 607 amoreappetiit.eiqucquam
1366 553 1455 591 susce

229 644 306 705 perat
322 639 350 691 in
366 640 490 697 tutelam.
506 640 606 693 meuth
622 644 651 693 et
667 640 789 708 corporis
807 638 899 693 intulit
915 638 1108 707 corruptelam.
1118 638 1188 692 ,iam
1205 638 1293 691 semel
1311 642 1340 691 et
1356 638 1455 690 iterum

228 738 406 805 inprqnata
420 754 438 791 a
454 737 559 807 perfido
575 744 603 790 et
619 739 775 791 imao
786 743 894 805 patrue
904 736 1028 804 concepti
1045 736 1127 789 intus
1143 736 1205 805 ipso
1214 735 1350 788 suadmtc
1362 734 1456 788 intelix

228 836 270 889 bis
280 838 407 891 abmnn
428 836 593 906 procurarit.
609 836 679 890 (lum
699 853 766 889 sero
782 837 913 905 pestifero
929 842 958 889 ct
974 836 1124 890 ledissirno
1142 837 1211 889 riro.
1227 840 1328 903 patruo
1344 852 1407 893 suo.
1417 834 1458 889 in·

228 936 318 989 tamna
336 936 436 990 mulier
451 937 644 990 resisterenon
660 936 782 991 auderet.
797 938 924 1004 concepit
939 936 1022 989 tertio
1037 933 1349 1001 abcodchuaenm
1362 934 1488 1003 perpet

227 1038 328 1085 tratum
349 1032 454 1085 tacinus
474 1032 540 1086 nulli
563 1032 684 1101 pandere
705 1037 891 1100 presumeret,
902 1033 930 1084 in
952 1032 1114 1085 barathrum
1133 1032 1334 1101 deperationis
1357 1033 1458 1085 misera

228 1130 482 1193 murmurem
489 1131 664 1200 semetipsam
674 1131 816 1200 impetens,
822 1131 989 1184 horribiliter
996 1131 1173 1200 perena-itm
1181 1138 1306 1184 renum
1315 1131 1457 1200 proprium

230 1230 420 1284 miserabiliter
429 1230 555 1299 aperiret
567 1230 624 1283 Diri
640 1229 733 1298 itaque
748 1230 868 1283 rnlneris
879 1231 986 1283 teritate
1002 1230 1124 1283 sauciata
1140 1236 1168 1283 et
1178 1231 1281 1284 acerbo
1293 1230 1393 1284 dolore
1400 1246 1457 1283 crn-

228 1329 308 1393 ciata,
316 1346 334 1383 a
342 1330 461 1384 ttomino
470 1330 647 1399 perinfusam
660 1330 712 1383 sibi
723 1330 828 1383 celitus
837 1330 952 1398 gratiam
962 1330 1095 1383 visitatur.
1104 1330 1137 1383 m
1148 1346 1212 1383 eece
1222 1330 1258 1383 de
1266 1330 1390 1398 peccatis
1399 1336 1457 1384 toto

228 1428 311 1482 eorde
321 1434 486 1497 mmpuncta
496 1428 532 1481 ad
543 1428 657 1482 latrem
668 1428 862 1482 misericordia
878 1434 920 1480 est
930 1444 1072 1483 conversa.
1082 1444 1201 1495 eamque
1212 1429 1281 1482 tusis
1299 1427 1458 1483 medullitus
1473 1428 1496 1474 tt

229 1527 349 1581 lacrimis
365 1528 512 1583 invocavit.
527 1528 678 1596 deprecans
695 1533 725 1580 ut
736 1527 788 1580 sibi
804 1527 885 1580 solita
900 1528 1002 1595 pietate
1012 1534 1192 1589 succurreret,
1207 1544 1243 1580 ne
1259 1543 1325 1581 cnm
1341 1543 1458 1596 corpore

228 1628 322 1681 anirna
339 1628 469 1681 intcn’ret
489 1626 560 1694 Quid
577 1626 677 1695 plura?
692 1626 824 1694 Respexit
840 1643 902 1679 earn
922 1643 986 1693 qua
1004 1627 1110 1680 nultum
1127 1627 1250 1695 despicit
1262 1627 1457 1681 misericordie

229 1722 322 1781 later,
333 1724 495 1777 miserorum
508 1723 632 1777 omnium
650 1724 812 1776 miseratrix.
829 1724 890 1777 Mox
907 1725 1007 1778 etenim
1025 1725 1165 1777 inrooenti
1181 1725 1268 1778 astitit
1279 1724 1456 1792 corporisque

230 1818 348 1873 restituit
357 1819 503 1873 sanitatem
513 1840 519 1883 ;
529 1820 710 1889 precepitque
721 1821 746 1873 ei
758 1824 789 1873 ut
799 1837 829 1873 se
841 1820 955 1873 omnino
967 1820 1089 1888 magistri
1099 1821 1221 1883 tomani,
1232 1820 1280 1889 qui
1292 1821 1321 1873 in
1331 1821 1456 1889 proximo

230 1922 362 1971 venturus
378 1922 445 1973 erat.
463 1917 638 1971 submitteret
648 1916 770 1970 consilio.
790 1917 869 1970 Venit
885 1933 950 1986 ergo
961 1918 997 1970 ad
1014 1924 1119 1986 patrem
1136 1923 1261 1970 sanctum
1279 1918 1457 1972 devotissime
1473 1920 1496 1966 t!

230 2017 366 2085 peccatrix
376 2018 485 2081 semina,
494 2019 608 2087 ejusque
625 2019 755 2072 mandato
767 2018 986 2071 cisterciensium
1000 2017 1162 2070 monialium
1180 2016 1342 2085 religionem
1354 2034 1456 2071 assum

230 2116 291 2185 psit.
304 2116 331 2169 in
344 2116 502 2185 penitentia
513 2118 577 2171 etin
588 2118 636 2171 dei
648 2119 760 2171 servitio
769 2134 953 2185 perseverans.

229 2321 283 2379 ne
306 2320 507 2391 matrice
530 2333 640 2392 qnam
663 2320 776 2379 beata
799 2320 912 2391 vireo
932 2332 998 2391 per
1023 2332 1169 2378 servnm
1188 2319 1255 2379 Det
1274 2318 1452 2380 soevavtt.

274 2510 329 2570 18.
346 2511 406 2565 llis
418 2512 516 2566 mulier
533 2517 645 2581 propter
662 2512 831 2580 frequentem
848 2511 971 2580 gravium
999 2517 1174 2580 peccatorum
1187 2514 1413 2568 recidivatinnem
1430 2512 1456 2566 in

229 2612 449 2681 desperationem
477 2610 562 2679 lapsa,
590 2615 622 2663 ut
644 2626 675 2663 se
695 2609 858 2663 interficeret
879 2624 1046 2662 venenosam
1067 2626 1195 2663 araneam
1215 2611 1368 2679 deglutirit
1388 2611 1454 2666 Cum
1472 2609 1496 2656 fl

230 2716 322 2765 autern
336 2710 418 2765 mrrrti
430 2710 489 2763 hnc
498 2709 597 2764 mulier
608 2711 812 2778 propinquaret.
821 2708 902 2776 coepit
914 2707 1028 2761 llatrem
1037 2707 1231 2763 misericordiae
1240 2709 1368 2764 inritare.
1377 2710 1456 2765 Audi-

232 2811 269 2865 rit
287 2811 379 2879 itaque
391 2826 486 2864 vocem
499 2809 635 2862 dicentem
646 2808 717 2861 sihi:
736 2809 836 2860 Frater
853 2809 1005 2869 mutunus,
1020 2811 1149 2875 mapr'rter
1167 2810 1283 2863 Ordinis
1301 2811 1456 2864 Pradicute

230 2928 301 2976 rum,
313 2919 441 2964 tenturus
452 2917 490 2963 cst
501 2911 578 2962 modo
589 2928 599 2961 :
609 2912 699 2975 {patrm
712 2911 802 2961 invoca
815 2916 838 2961 et
847 2909 891 2960 dic
902 2910 927 2960 ei
937 2915 961 2960 te
973 2910 1085 2960 missum
1095 2925 1112 2961 o
1124 2926 1165 2961 me
1175 2910 1213 2960 ad
1223 2926 1293 2973 curn,
1301 2916 1326 2962 et
1337 2910 1458 2976 confitere

229 3008 263 3070 et,
271 3013 295 3057 et
307 3007 382 3058 actea
394 3009 457 3058 erte.
469 3003 548 3057 Venit
561 3009 671 3057 sanctus
683 3008 709 3056 et
721 3004 846 3057 consessa
854 3007 895 3056 est
904 3003 1049 3071 peccatrix,
1058 3007 1085 3057 et
1094 3020 1157 3057 cum
1166 3008 1343 3072 peccatorum
1353 3005 1456 3058 vomitu

230 3119 359 3157 amneam
372 3103 495 3158 evomuit
506 3108 534 3157 et
545 3119 690 3156 venenum.
699 3131 731 3142 -
744 3102 892 3157 Considera
904 3118 976 3156 nunc
988 3103 1016 3156 in
1030 3102 1115 3156 llatre
1127 3101 1176 3156 Dei
1185 3119 1241 3157 non
1249 3103 1342 3157 solum
1354 3105 1457 3159 viscera
1481 3100 1496 3147 ¹

230 3202 339 3272 pietatis
355 3219 419 3271 erga
434 3202 556 3258 miseros.
570 3203 618 3256 sed
636 3202 718 3255 etiam
737 3202 817 3255 dores
829 3200 943 3255 honoris
960 3205 988 3255 et
1004 3201 1157 3255 honestatis
1174 3218 1237 3271 erga
1254 3203 1381 3258 devotos.
1392 3204 1457 3258 mue

230 3302 371 3371 quomodo
383 3302 410 3356 in
422 3301 594 3356 mirabilibus
605 3301 812 3356 miserationum
823 3316 935 3354 suarum
948 3306 976 3354 et
987 3301 1163 3369 desperantes
1174 3301 1346 3356 sublevando
1355 3309 1456 3358 sisten-

230 3403 270 3451 tut
283 3404 311 3451 et
323 3400 350 3453 in
362 3415 392 3452 se
408 3404 556 3469 sperantes,
565 3399 771 3453 sustentationis
782 3399 927 3467 participes
938 3398 1068 3460 efficiens,
1080 3398 1215 3452 honestat
1227 3398 1385 3453 Assumitur
1395 3417 1457 3470 ergo

230 3514 247 3551 n
260 3497 368 3567 Virgine
380 3498 496 3551 devotus
508 3498 626 3552 famulus
639 3498 666 3552 in
678 3497 873 3552 miraculorum
887 3497 1033 3559 consortio.
1051 3503 1082 3550 ut
1099 3499 1194 3551 certe*
1207 3498 1341 3566 probetur
1358 3500 1457 3555 ind'mio

230 3614 312 3667 qurtm
323 3597 359 3651 sit
370 3597 458 3666 ipsum
470 3597 625 3651 honorandi
634 3597 740 3651 sincera
750 3603 777 3651 et
792 3599 901 3650 terrens
913 3596 1035 3650 intentio.
1045 3596 1145 3650 Beatus
1156 3596 1240 3661 salve,
1251 3612 1337 3666 quem
1355 3598 1459 3668 Regina
1473 3598 1496 3648 tt

230 3695 289 3749 cmli
299 3700 375 3749 tanto
388 3700 532 3765 prosecuta
543 3701 585 3750 est
596 3696 710 3750 honore.
721 3695 771 3748 Cui
783 3700 857 3749 certe
867 3694 997 3763 virginale
1006 3694 1174 3748 consortium
1190 3696 1347 3749 innocentis
1356 3697 1419 3751 rite
1433 3703 1459 3752 et

230 3792 413 3849 immaculatae
426 3792 612 3848 testimonium
624 3794 750 3863 perbibet
762 3793 902 3848 castitatis.

431 3999 483 4057 De
503 3997 641 4069 pietate
661 3997 699 4056 et
718 3996 965 4057 misericordie
985 3996 1104 4058 mnett
1124 3998 1258 4059 Patris.

271 4188 326 4245 14.
345 4188 443 4241 Suavis
456 4204 487 4240 uc
500 4187 575 4240 mitis
586 4191 663 4256 pnter
675 4187 724 4241 iste
738 4188 841 4253 beatus,
853 4188 991 4242 affabilem
1009 4205 1039 4242 se
1056 4188 1185 4244 omnibus
1203 4191 1330 4246 exhibuit
1341 4197 1372 4247 et
1386 4194 1462 4249 beni·

226 4286 431 4357 gumnomnes
440 4283 513 4337 enim
522 4283 630 4336 Christo
639 4283 924 4352 lncrifacerecupiens‚
934 4284 1063 4338 omnibus
1072 4286 1167 4339 omnia
1175 4286 1496 4355 tactmestmordnn

226 4387 349 4439 ‹mminm
360 4388 493 4453 qmmtum
507 4382 597 4436 ‹let-uit
609 4388 637 4436 et
645 4383 767 4451 oportuit
776 4399 806 4436 se
817 4389 958 4452 coaptans.
970 4384 1050 4438 Circa
1063 4384 1162 4439 trabes
1173 4386 1287 4440 omnino
1297 4395 1465 4445 mansuetus

227 4484 277 4537 tuit
294 4489 321 4537 et
338 4480 496 4544 tractabilis,
513 4486 568 4534 tam
592 4480 780 4550 spiritualibus
800 4497 883 4550 quam
905 4484 1094 4552 corporalibus
1114 4484 1236 4552 ipsorum
1253 4485 1466 4543 infirmitatibus

225 4582 405 4649 crrrnpntiens,
417 4585 445 4633 et
456 4579 668 4633 misericorditer
678 4579 908 4635 condescendens
920 4581 975 4635 Nee
993 4581 1084 4636 solum
1096 4581 1279 4636 exterioribus
1290 4586 1466 4643 necessitati·

226 4682 276 4733 lms
294 4694 389 4732 uorum
411 4678 561 4731 secuudum
581 4695 661 4747 posse
685 4677 835 4733 liberaliter
855 4681 994 4739 subvenit.
1017 4680 1216 4735 verumetiam
1239 4685 1393 4740 contractis
1414 4704 1466 4759 pro
