3338 5394
247 335 315 405 158
501 367 503 371 -
578 349 703 401 curua.
730 348 832 401 cono.
859 346 1138 398 nuorooaurmc.

390 542 633 638 Appolloniae,
651 541 737 614 filiae
755 540 873 615 sancti
891 539 1114 633 Appollonii‚
1134 541 1317 613 senatoris
1335 539 1476 612 Roma·

392 663 527 732 norum
541 658 619 750 (fol.
638 658 800 751 tat-76¹).

277 807 356 860 Edita
369 806 396 859 in
410 810 467 860 Act.
481 807 536 870 88,
546 806 580 858 ad
593 806 618 858 d.
629 806 645 858 9
657 804 730 867 reb..
742 808 808 857 tom.
820 803 853 866 11,
866 771 978 870 palm.
995 802 1052 861 asi.
1064 819 1139 856 num.
1160 803 1244 856 3833.
1263 831 1293 840 -
1311 801 1474 855 lliraoulum

245 906 318 974 quod
331 904 358 958 in
368 905 427 959 eod.
438 905 513 958 Actis
525 904 686 966 annectitur,
695 902 798 957 editum
808 907 850 955 est
862 902 935 964 ibid,
944 918 970 970 p.
982 902 1038 964 787,
1049 917 1124 955 num.
1133 902 1174 955 47.

347 1024 405 1096 19⁰
431 1023 562 1096 Passio
579 1027 717 1095 sauciae
730 1021 927 1093 Dorotheae
943 1002 1097 1111 uirginis
1114 1020 1191 1111 (fol.
1208 1020 1372 1108 ruf-79¹).

278 1167 366 1235 Hujus
376 1166 514 1221 Passionis
526 1166 571 1220 hic
583 1170 624 1220 est
633 1170 803 1234 conspectus.

279 1285 334 1337 Iac.
346 1281 471 1337 Gloriosa
482 1282 558 1351 virgo
576 1280 724 1342 Dorothei,
744 1284 848 1348 martyr
869 1278 978 1336 Christi.
996 1295 1030 1332 ex
1049 1285 1124 1348 patre
1142 1280 1247 1333 Doroth
1265 1280 1326 1347 (sic)
1344 1284 1371 1334 el
1389 1285 1481 1333 matre

232 1445 234 1449 ,
247 1382 310 1436 thea
319 1382 379 1449 (sic)
391 1382 534 1450 progenita
542 1385 591 1445 est,
604 1379 682 1432 valde
695 1378 780 1432 nobili
794 1380 858 1446 (σίν.
869 1379 930 1431 cod.
939 1377 1088 1440 Brux.t')81‚
1098 1384 1165 1432 tom.
1174 1379 1193 1442 1,
1203 1379 1359 1446 passam)
1404 1394 1481 1432 com-

246 1482 365 1550 positum
385 1469 531 1534 Dorothaa.
548 1479 611 1547 Ipsa
622 1483 714 1531 autom
760 1477 834 1545 (Lep.
853 1480 955 1540 Aurea,
968 1477 1032 1530 edit.
1045 1477 1139 1531 Colon.
1158 1478 1229 1539 1483.
1248 1478 1294 1531 fol.
1311 1478 1380 1541 244³,
1393 1477 1482 1540 coifi,

246 1581 293 1635 lia.
314 1581 344 1634 18
364 1598 380 1633 a
400 1579 465 1646 lina)
528 1595 584 1632 non
601 1578 709 1631 evades.
730 1577 883 1645 Respondit
901 1577 977 1645 virgo
993 1576 1177 1630 sacratissima
1194 1596 1200 1629 :
1218 1577 1291 1629 Deus
1301 1576 1349 1644 qui
1368 1575 1397 1629 in
1410 1576 1482 1630 coelo

250 1680 319 1743 (Act.
332 1680 388 1742 SS.,
404 1682 473 1731 tom.
485 1677 497 1730 1
508 1676 580 1740 Feb,
592 1693 617 1745 p.
635 1676 691 1733 773.
703 1692 779 1729 num.
796 1676 823 1739 ⁰2)
882 1674 1010 1727 adoratis.
1022 1674 1162 1728 Fabricius
1181 1680 1312 1743 tyrannus
1323 1674 1392 1728 dixit
1403 1695 1410 1728 ε
1421 1674 1483 1729 Nisi

247 1777 450 1839 sacrificaveris,
463 1775 541 1830 dabis
558 1775 617 1828 aliis
635 1774 741 1827 timoris
758 1773 845 1838 (num.
862 1774 889 1837 3)
939 1780 968 1827 ut
986 1789 1068 1826 canes
1085 1773 1196 1826 rabidos
1216 1790 1272 1827 non
1291 1773 1414 1835 timeant,
1433 1773 1484 1842 qui

247 1876 376 1929 homines
385 1874 511 1928 innoxios
519 1875 639 1927 lacerant
648 1873 785 1926 latrantes.
795 1872 936 1926 Fabricius
945 1873 1088 1942 praefectus
1097 1871 1164 1924 dixit
1173 1891 1179 1925 :
1189 1872 1231 1926 Tu
1241 1877 1375 1940 quantum
1386 1873 1483 1937 (ibid.)

249 1974 445 2043 ...geliennam
455 1973 704 2040 Doemoaibusergo
713 1971 760 2041 qui
770 1978 834 2025 sunt
844 1971 1031 2025 insimulacris
1041 1970 1185 2024 hominum
1195 1971 1331 2024 malorum
1346 1971 1485 2024 etardcnt

250 2073 278 2125 in
286 2072 402 2136 inferno,
411 2087 468 2124 non
477 2070 608 2123 sacrifico.
620 2071 652 2123 Et
662 2074 797 2138 prostrata
807 2069 880 2137 (Lep.
894 2072 974 2131 Arar„
986 2068 1031 2121 fol.
1041 2068 1111 2131 7111,
1122 2046 1171 2121 col.
1183 2069 1205 2128 1,
1215 2067 1261 2121 lin.
1272 2068 1297 2132 7)
1344 2068 1485 2121 devastas.

250 2170 284 2222 Et
294 2168 380 2222 batus
391 2167 531 2223 Fabricius
540 2167 609 2221 dixit
620 2167 654 2219 ad
667 2171 784 2220 tortores
794 2187 800 2219 ε
810 2166 901 2219 Sistite
913 2165 983 2231 (Act.
993 2167 1048 2230 88,
1057 2181 1131 2217 uum.
1143 2167 1160 2218 5
1171 2167 1257 2233 usque
1267 2165 1302 2217 ad
1312 2164 1406 2227 finem,
1415 2180 1485 2218 non-

250 2267 332 2320 nullis
343 2266 473 2330 mutatis).

283 2363 407 2418 Fabricio
419 2379 485 2417 vero
497 2363 633 2424 saeviente,
650 2363 712 2430 ipsa
728 2360 804 2429 virgo
823 2361 923 2415 Christi
940 2377 1073 2428 suspensa
1084 2361 1200 2429 pedibus
1212 2363 1286 2427 (Lep.
1300 2363 1403 2428 Aurea,
1417 2360 1485 2414 ibid.

250 2463 297 2517 lin.
311 2464 351 2523 l9t
397 2462 437 2515 Dc
446 2478 527 2515 mane
536 2466 628 2515 autem
641 2461 773 2528 producta
784 2461 819 2513 ad
828 2460 926 2522 lucem,
939 2476 988 2513 nec
997 2459 1053 2513 ulla
1065 2460 1173 2514 macula
1191 2476 1242 2513 nec
1254 2460 1328 2513 laesio
1346 2459 1485 2528 apparuit

250 2564 291 2616 De
307 2578 362 2630 quo
375 2561 458 2615 etiam
476 2559 623 2623 Fabricius,
634 2564 765 2628 tyrannus
781 2558 906 2621 crudelis
924 2559 1075 2612 mirabatur
1087 2559 1274 2612 uehementer.
1292 2559 1325 2612 Et
1345 2558 1416 2612 dixit
1433 2559 1457 2612 ei
1478 2578 1485 2611 ι

251 2660 349 2714 Adhuc
362 2663 504 2721 revertere,
517 2675 650 2712 oamoena
660 2657 749 2726 puella
757 2678 763 2719 ;
772 2658 838 2710 satis
848 2674 966 2727 namque
978 2657 1109 2726 castigata
1120 2674 1157 2711 es.
1170 2658 1204 2712 Iit
1213 2658 1286 2711 misit
1298 2674 1360 2711 eam
1372 2656 1437 2710 duci
1450 2657 1485 2710 ad

252 2758 321 2809 (luas
332 2772 442 2810 sorores
453 2758 521 2821 (Act.
531 2756 587 2819 88,
602 2771 676 2809 num.
688 2757 705 2807 6
752 2755 883 2824 usquead
894 2755 977 2808 linem
988 2771 1062 2808 num.
1073 2756 1108 2821 7).

286 2856 319 2908 Et
340 2855 383 2909 his
400 2853 589 2922 martyrizatis,
606 2853 674 2907 dixit
693 2854 840 2907 llorothere
859 2854 999 2908 Fabricius
1020 2874 1026 2906 :
1048 2853 1197 2923 Quousque
1218 2856 1291 2921 (Lep.
1316 2858 1396 2922 Aur„
1420 2856 1487 2910 ibid.

252 2954 299 3007 lin.
320 2955 351 3007 la
368 2971 385 3006 a
402 2953 466 3016 line)
525 2957 627 3006 curata.
644 2951 721 3005 Tunc
739 2952 880 3006 Fabricius
895 2953 977 3019 Jussit
994 2954 1063 3018 (Act.
1076 2954 1132 3018 88,
1149 2969 1225 3005 num.
1236 2955 1263 3017 9)
1312 2954 1485 3021 permitteret

253 3070 339 3107 orare.
349 3052 415 3119 Quae
427 3051 517 3105 oravit
529 3052 616 3104 Deum
629 3068 677 3120 pro
691 3052 764 3118 (Lep.
778 3055 856 3119 Aur„
871 3052 935 3106 ibid.
948 3052 998 3106 col.
1009 3053 1032 3117 7,
1041 3052 1088 3105 lin.
1097 3053 1124 3111 111
1173 3052 1308 3106 decollata
1319 3053 1372 3105 iuit
1383 3068 1488 3120 sponsa

252 3148 353 3202 Christi
366 3148 505 3200 Dorothea
523 3152 551 3199 et
567 3164 584 3199 a
601 3147 709 3200 Christo
722 3164 823 3215 sponso
840 3165 890 3202 suo
904 3149 930 3202 in
948 3149 1023 3201 coelis
1040 3165 1104 3202 cum
1122 3149 1299 3203 multitudine
1313 3148 1487 3218 Angelorum

253 3253 295 3301 cst
312 3246 449 3315 perducta.
461 3246 545 3299 Passa
562 3250 604 3299 est
619 3250 712 3299 autem
726 3263 798 3299 anno
816 3247 926 3301 Domini
944 3248 1132 3302 ducentesimo
1151 3248 1337 3315 octuagesimo
1359 3249 1489 3316 septimo,

253 3351 351 3401 octava
371 3346 430 3412 (sic)
447 3345 509 3398 idus
520 3345 670 3410 Februarii,
689 3362 705 3398 a
725 3346 849 3399 Fabricio
871 3347 993 3415 preside,
1011 3347 1063 3399 sub
1082 3346 1251 3401 Diocletiano
1269 3352 1296 3400 et
1316 3347 1487 3401 Maximiano

255 3443 472 3514 imperatoribus.
484 3443 728 3512 Igituradvocatus
745 3444 917 3513 Theophilus
935 3447 1003 3512 (Act.
1025 3448 1080 3512 88,
1092 3462 1166 3500 num.
1187 3447 1228 3508 1⁶2)
1290 3445 1398 3514 Sponsi.
1415 3446 1489 3499 Puer

254 3547 328 3612 (Lep.
341 3547 419 3606 Aua,
431 3543 495 3596 ibid.
506 3543 553 3597 lin.
567 3545 596 3596 17
609 3544 692 3607 alin.)
747 3549 845 3612 potens
863 3550 910 3598 est.
928 3545 1099 3600 Exclamavit
1116 3551 1209 3599 autem
1227 3544 1402 3612 Theophilus
1420 3560 1490 3599 roce

255 3659 354 3711 magua
365 3643 399 3706 (et
412 3645 473 3695 inde
481 3644 518 3695 ad
528 3644 608 3708 finem
618 3651 662 3696 aot
671 3645 733 3697 bene
745 3647 864 3697 corruerit
876 3663 935 3697 cum
948 3646 992 3698 liis
1003 3662 1060 3712 qrroe
1070 3648 1098 3698 in
1110 3645 1169 3698 uer.
1181 3643 1247 3711 SS.).

354 3760 415 3830 1700
440 3757 526 3831 Vita
544 3765 683 3833 sanctae
701 3760 950 3850 Gheertrudis,
969 3761 1121 3854 virginis
1138 3769 1173 3835 ct
1191 3761 1392 3835 abbatissae
1406 3761 1439 3853 (f
1463 3761 1489 3835 1.

406 3874 570 3964 781171).

292 4019 352 4071 Vita
372 4018 486 4072 omnino
504 4020 670 4073 convenicus
682 4038 745 4075 cum
758 4023 820 4075 Vita
830 4023 864 4075 de
877 4039 932 4091 qua
952 4039 1035 4090 supra
1055 4023 1091 4075 ad
1108 4022 1167 4076 cod.
1185 4021 1267 4076 Brux'.
1279 4022 1354 4085 5649,
1372 4027 1492 4091 excepto

257 4118 331 4185 quod
345 4118 372 4170 in
384 4117 444 4170 cod.
454 4133 537 4186 quem
549 4118 593 4172 hic
606 4119 804 4184 examinamus,
814 4127 940 4175 narratur
952 4121 986 4174 ad
998 4121 1080 4174 finem
1096 4121 1163 4175 Vita
1176 4120 1330 4189 prodigium
1342 4121 1448 4174 editum
1463 4121 1493 4175 in

259 4220 316 4269 Act.
329 4217 385 4281 SS.,
398 4220 466 4269 tom.
476 4216 488 4269 l
499 4217 571 4281 reb„
583 4233 626 4286 pp.
638 4219 696 4282 3711,
705 4218 762 4283 370,
772 4236 846 4273 num.
858 4220 910 4273 3-8.

360 4333 422 4404 810
447 4333 532 4406 Vita
558 4335 677 4408 beatae
700 4336 825 4409 Mariae
850 4337 1072 4430 Egyptiacae,
1091 4338 1273 4410 translata
1299 4358 1344 4409 ex
1369 4359 1494 4429 graeco

407 4446 446 4519 in
464 4448 622 4521 latinum
640 4450 717 4542 (101.
736 4453 925 4547 uri-104¹).

200 4616 211 4657 ,ι
295 4591 356 4645 ntia
369 4593 458 4646 versio
468 4593 599 4648 Actorum
608 4612 669 4664 quae
679 4597 750 4650 edila
760 4599 901 4667 suntapud
912 4598 1105 4668 Rosueydum,
1121 4601 1185 4653 l'ita
1198 4601 1319 4665 Petrum,
1336 4615 1361 4667 p.
1373 4596 1495 4669 388533.

261 4721 289 4729 -
302 4690 331 4742 ln
342 4690 400 4742 cod.
411 4690 487 4744 deest
494 4691 630 4761 prologus.
