3338 5394
290 355 363 427 314
625 376 752 426 aaran.
779 376 884 429 aouu.
910 377 1188 430 nacroaaarrua.

292 562 1525 638 (talvisianusaudienshaec,iracommotus,jussiteumanrpliustorqueriiltdumdiutis

291 662 361 717 sime
374 663 507 717 acerrime
519 669 701 734 torqueretur,
713 667 844 721 sustinuit
855 671 994 734 qertamen
1003 667 1165 721 orthodoxae
1176 668 1248 722 ildei.

332 761 367 820 8.
387 759 465 815 Tunc
476 760 648 815 calvisianus
659 761 836 830 impiissimus
848 763 1014 816 seutentiam
1026 763 1139 817 dictavit
1148 764 1258 818 dicens:
1273 766 1490 820 Contradictores
1501 775 1526 820 et

292 868 483 927 contemptores
491 863 661 927 principum,
673 862 831 927 imperialia
838 868 972 929 precepta
985 863 1066 928 quasi
1075 863 1178 928 plebeia
1188 863 1356 928 aestimantes,
1367 864 1463 914 merita
1475 869 1527 914 aut

292 960 408 1012 diversis
419 966 443 1012 et
454 962 570 1013 morosis
587 962 731 1028 suppliciis
742 978 759 1012 a
771 968 856 1013 atarto
873 961 1052 1027 differuntur,
1069 969 1093 1014 et
1107 969 1195 1013 tamen
1210 963 1347 1029 perstatim
1358 963 1526 1025 moriuntur,
1544 975 1561 1021 s

293 1067 341 1112 aut
350 1061 441 1112 subita
452 1061 542 1127 pladii
544 1062 720 1127 percussione
730 1061 897 1125 summetur.
907 1060 959 1112 Sed
967 1062 1033 1128 quia
1044 1062 1191 1113 multorum
1200 1062 1323 1127 periculo
1336 1063 1488 1122 metuimus,
1500 1062 1528 1112 si

293 1174 368 1211 mars
378 1160 459 1211 istius
468 1159 595 1224 sacrilepi
605 1160 704 1225 spatiis
713 1160 861 1225 differatur
869 1178 878 1211 .·
884 1161 1116 1234 periclitabuntur
1124 1161 1195 1212 enim
1208 1161 1287 1212 inulti
1290 1176 1343 1228 per
1355 1176 1413 1212 eunt
1423 1177 1441 1210 a
1451 1161 1526 1212 creua

294 1257 407 1309 deorum
420 1257 457 1308 ad
463 1258 615 1323 perniciosi
626 1258 730 1309 erroris
742 1264 839 1308 sectam
850 1257 960 1309 obaudi
964 1275 975 1318 ,·
986 1258 1045 1309 ideo
1050 1258 1178 1322 jubemus
1189 1273 1249 1309 eum
1262 1259 1328 1323 quia
1339 1257 1373 1308 ab
1385 1259 1443 1323 ipso
1461 1258 1527 1309 scri·

293 1363 382 1423 ptura
400 1357 548 1422 impietatis
559 1357 670 1422 prolata
689 1358 843 1422 sient,justa
854 1357 963 1421 judicio
982 1365 1074 1410 nostra
1090 1358 1183 1423 plodio
1200 1357 1322 1421 interfici.
1334 1355 1412 1408 Tunc
1428 1356 1528 1408 beatus

295 1452 399 1522 Euplus
411 1453 512 1521 gratias
530 1453 584 1522 egit
605 1453 723 1506 Domino
735 1453 800 1506 iesu
817 1453 926 1507 Christo
943 1455 1018 1523 quod
1035 1454 1192 1507 advenisset
1209 1459 1318 1522 tempus
1338 1470 1393 1521 quo
1414 1470 1529 1507 corona·
1549 1468 1580 1516 {a

296 1558 379 1606 retur.

337 1649 371 1709 9.
401 1651 517 1705 liuntem
531 1653 623 1703 autem
638 1647 700 1703 eum
713 1651 813 1719 gaudio
826 1652 860 1704 ad
872 1652 963 1705 locum
977 1651 1025 1705 ubi
1037 1650 1180 1719 capitalem
1198 1651 1335 1719 exciperet
1355 1650 1529 1714 senteutiam,

296 1750 374 1820 plebs
392 1748 513 1802 inaxima
532 1764 547 1800 e
566 1747 681 1816 vestigio
702 1748 876 1816 sequebatur,
894 1748 1045 1802 ammirans
1068 1749 1254 1802 fortitudinem
1277 1748 1362 1801 animi
1383 1749 1450 1816 ejus.
1468 1749 1530 1817 lpse

297 1853 391 1903 autem
403 1849 545 1901 refovente
557 1864 586 1900 se
604 1848 691 1914 gratia
704 1846 804 1900 Christi
818 1847 893 1901 vultu
906 1846 1035 1916 fulgebat,
1047 1853 1075 1902 et
1086 1849 1163 1901 laetus
1180 1847 1316 1901 constanti
1329 1847 1422 1900 animo
1435 1849 1530 1901 ambu·

298 1949 373 2002 labat
385 1948 463 2016 quasi
474 1963 588 2015 pergens
598 1947 632 2000 ad
646 1946 767 2014 nupt.ias;
781 1952 809 2000 et
820 1948 939 2016 repletus
957 1948 1058 2016 Spiritu
1070 1953 1165 2000 sancto
1177 1948 1294 2000 canebat
1306 1924 1414 2000 dicens:
1428 1949 1530 2014 illapsa
1550 1959 1581 2008 ta

299 2056 337 2102 est
347 2050 438 2116 pieria
447 2055 494 2099 teca
507 2049 537 2099 ire
549 2049 706 2110 tervisinis,
716 2048 915 2113 Domine,qnos
926 2049 963 2099 ad
974 2054 998 2100 te
1009 2064 1102 2100 vocare
1110 2049 1239 2113 dipnatas
1251 2064 1285 2100 es.
1299 2046 1331 2098 Et
1342 2062 1391 2113 pro
1401 2045 1531 2098 omnihus

299 2147 347 2215 qui
366 2163 428 2199 eum
442 2146 628 2214 sequebantur
643 2145 740 2198 orabat
751 2145 860 2198 dicens:
880 2147 1002 2212 Domine,
1014 2149 1105 2199 adesto
1116 2149 1202 2199 saraia
1219 2148 1274 2199 tacis
1286 2153 1309 2198 et
1321 2163 1353 2198 ae
1365 2147 1477 2199 deseras
1487 2163 1532 2200 eas

299 2264 386 2314 usqam
395 2249 422 2298 ia
435 2247 524 2311 filmera,
538 2254 566 2298 ut
576 2247 726 2312 pioripceut
738 2263 829 2299 irornen
840 2254 918 2299 turem
928 2249 957 2298 in
969 2248 1057 2299 secuta
1067 2247 1227 2299 seculorum.
1236 2246 1270 2297 Et
1278 2245 1449 2298 accelerabat
1459 2261 1531 2313 gres-

300 2362 346 2399 sus
364 2360 448 2397 suos:
458 2344 516 2410 iam
534 2344 635 2412 quippe
656 2361 740 2413 prope
764 2344 907 2398 victoriam
928 2349 987 2398 erat
1009 2361 1065 2412 qua
1087 2348 1274 2397 coronaretur.
1287 2343 1364 2397 Tunc
1381 2345 1532 2397 extendeus

301 2460 400 2497 uranus
412 2460 476 2496 suas
488 2444 523 2496 ad
532 2443 629 2496 coeium
646 2444 730 2497 dixit:
745 2447 860 2498 Gratias
876 2445 927 2496 tibi
935 2461 992 2512 apo,
1005 2445 1118 2497 Domine-
1129 2445 1196 2496 Jesu
1211 2444 1323 2508 Christe,
1333 2446 1461 2510 paroeciam
1472 2460 1533 2496 coa·
1549 2452 1582 2501 aa

302 2545 388 2598 solata
401 2551 438 2596 est
451 2560 490 2596 me
511 2546 597 2595 uirtus
609 2551 656 2597 tua
675 2551 698 2596 ei
717 2560 771 2597 aaa
788 2546 941 2610 permisisti
956 2546 1048 2610 perire
1066 2546 1187 2595 anismam
1207 2559 1293 2594 aeream
1310 2558 1371 2593 eum
1391 2545 1493 2610 impiis,
1512 2550 1536 2596 et

303 2644 411 2695 donasti
422 2644 491 2694 aiibi
500 2645 622 2709 qratiam
634 2646 753 2696 nonrinis
770 2645 820 2696 tui.
831 2644 969 2708 Coralirma
980 2660 1053 2695 nureo
1070 2644 1141 2710 quod
1157 2650 1286 2708 operatus
1297 2658 1325 2694 es
1336 2644 1365 2693 in
1376 2659 1423 2704 ene,
1441 2648 1464 2693 et
1475 2658 1536 2694 con·

302 2744 441 2807 fundatur
452 2744 622 2795 adaersantis
634 2744 761 2795 audacia.
773 2743 807 2795 Et
823 2745 889 2795 tuuc
901 2741 1051 2810 respiciens
1063 2742 1098 2794 ad
1110 2740 1242 2809 populum
1261 2741 1346 2794 dixit:
1361 2742 1538 2814 Dilectissimi

302 2843 416 2906 fratres,
426 2844 619 2894 auditesoraie
631 2842 778 2894 Dantiuum
791 2850 815 2894 et
832 2843 919 2894 timete
928 2843 1006 2893 ilium
1024 2843 1054 2892 in
1070 2847 1123 2893 toto
1140 2842 1219 2893 corde
1236 2848 1331 2904 restra,
1339 2841 1467 2906 quereiam
1481 2840 1538 2905 ipse

303 2958 404 2994 sisamoi·
416 2949 453 2994 cst
465 2944 616 2993 timentium
629 2959 664 3004 se,
676 2949 821 3009 arctaquam
834 2948 928 2994 excurri
945 2943 977 2994 cie
988 2942 1084 3004 seculo,
1095 2948 1118 2992 et
1126 2947 1271 3007 postquam
1282 2941 1414 3003 cxr‘eruat,
1424 2954 1537 2990 occursu
1555 2946 1588 2995 25

305 3041 471 3104 stipatorum,
481 3057 547 3107 quos
556 3041 593 3092 ad
605 3042 776 3107 excipiendos
790 3056 833 3092 eos
845 3042 935 3102 urittit,
944 3041 1058 3105 letificat
1070 3056 1113 3092 eos
1123 3058 1132 3090 :
1143 3039 1177 3090 ab
1193 3041 1261 3105 ipsis
1273 3040 1342 3090 caim
1355 3038 1392 3089 ad
1406 3038 1539 3088 civitatem

304 3140 382 3191 iilius
393 3146 513 3191 sanctam
527 3139 696 3192 Hierusalem
707 3141 891 3192 ailducunmr.

348 3234 407 3292 10.
432 3238 465 3290 Et
477 3254 538 3289 cum
553 3237 611 3290 lraec
623 3237 706 3289 verba
716 3237 880 3305 complesset
892 3239 920 3288 et
928 3235 1100 3289 salutationis
1110 3234 1200 3288 omnis
1209 3235 1292 3287 irnern
1302 3234 1417 3295 iecisset,
1428 3233 1539 3288 flectens

305 3353 395 3406 genua
413 3353 463 3389 sua
476 3336 610 3389 cert-'icem
630 3334 780 3388 feriendam
794 3334 908 3402 paravit,
919 3339 947 3386 et
963 3333 1002 3387 sic
1015 3333 1165 3387 decollatus
1182 3337 1231 3385 est.
1243 3332 1323 3385 Tanti
1336 3348 1368 3384 ac
1380 3331 1442 3384 talis
1454 3336 1539 3384 certa·

306 3437 389 3492 minis
400 3436 651 3489 remunerationem
662 3434 766 3502 accepit
779 3450 911 3487 coronam
923 3433 1126 3502 sempiternam,
1139 3431 1265 3485 exultans
1274 3430 1301 3484 in
1313 3431 1422 3499 agmine
1434 3431 1541 3498 angelo·
1559 3439 1590 3491 3ο

308 3553 370 3592 rum
396 3542 424 3589 et
444 3540 600 3588 sanctorum
621 3539 772 3602 martyrum
791 3553 797 3586 ε
818 3538 846 3587 et
863 3532 987 3587 introivit
1009 3533 1037 3586 iu
1062 3535 1210 3598 conspectu
1237 3530 1347 3583 Domini
1368 3530 1454 3584 nostri
1476 3530 1541 3583 iesu

309 3635 418 3690 Christi.
429 3635 462 3687 Et
475 3633 625 3702 repositum
638 3637 679 3685 est
692 3649 790 3700 corpus
804 3632 862 3699 cius
875 3632 902 3703 in
915 3632 975 3684 loco
990 3629 1147 3692 venerabili,
1166 3629 1305 3682 conditum
1324 3627 1495 3680 aromatibus
1506 3627 1541 3679 ad

309 3735 418 3789 laudem
432 3738 459 3786 et
476 3733 590 3800 gloriam
610 3731 806 3800 omnipotentis
818 3731 867 3784 Dei
887 3737 913 3784 et
926 3731 1035 3784 Domini
1048 3729 1134 3784 nostri
1146 3729 1211 3782 iesu
1223 3727 1332 3790 Christi,
1343 3727 1391 3780 ubi
1409 3725 1541 3779 beneficia

312 3837 474 3902 praestantur
497 3829 718 3898 contingentibus
740 3828 914 3896 sepulchrum
937 3827 1004 3895 ejus,
1030 3832 1058 3880 et
1080 3842 1176 3879 omnes
1199 3824 1371 3878 infirmorum
1397 3823 1542 3891 languores

312 3937 445 3986 sanantur
454 3946 541 3999 usque
552 3929 580 3982 in
589 3928 753 3982 hodiernum
765 3928 836 3981 diem
848 3928 876 3981 in
888 3927 999 3980 nomine
1015 3926 1102 3979 Patris
1114 3930 1142 3978 et
1154 3924 1212 3978 Filii
1222 3929 1249 3978 et
1261 3923 1376 3992 Spiritus
1388 3921 1484 3986 sancti,
1496 3922 1544 3990 qui
1562 3932 1593 3982 35

313 4032 381 4087 vivit
393 4046 502 4098 semper
515 4033 541 4082 et
552 4034 649 4096 regnat
661 4027 789 4080 insecuta
799 4027 963 4081 seculorum.
974 4026 1073 4079 Amen.
