3338 5394
183 1834 262 1887 ‘cod

150 1899 299 1953 latendum.

345 336 391 409 78
678 357 804 409 carna.
831 356 934 409 cono.
960 356 1236 409 usmooaarmc.

344 562 407 600 nem
420 545 560 611 exbibens,
572 546 698 601 alacriter
709 563 772 601 eum
785 547 917 616 suscepit;
927 551 955 600 et
965 546 1036 601 sicut
1048 552 1106 600 erat
1115 546 1141 599 ei
1151 546 1332 610 consuetudo,
1343 545 1495 600 Dominicae
1507 562 1574 614 prue-

344 645 488 700 dicationis
500 645 585 700 verba
600 646 796 716 evangelizavit
806 646 839 700 ci.
852 646 916 700 Post
933 662 1039 700 sacram
1052 662 1117 699 vcro
1129 644 1357 699 ammonitionem
1370 645 1405 699 ad
1414 644 1574 700 convivium

344 761 424 798 suum
438 761 535 799 vocare
547 744 623 799 illum
637 746 824 815 dignatusest
836 746 960 814 Cumque
972 750 1044 799 esset
1054 745 1155 798 hiemis
1171 749 1290 813 tempus,
1302 749 1414 813 propter
1424 745 1480 799 vim
1499 745 1575 814 algo·

345 845 382 898 ris
393 844 483 914 ignem
496 846 524 899 in
536 845 619 899 domo
631 862 682 899 sua
693 846 804 899 accendi
816 845 952 915 praecepit.
965 845 1079 899 Ministri
1091 849 1192 908 autern,
1200 844 1352 912 jussionem
1365 843 1487 914 episcopi
1498 858 1574 898 com·

345 943 459 1013 pientes,
478 943 665 998 instruxerunt
682 944 790 1014 copiam
811 945 956 1014 lignorum,
976 949 1007 998 ut
1029 960 1159 1014 magnum
1173 942 1369 998 concinnarent
1385 943 1485 1013 ignem.
1502 944 1575 998 Dura
1593 948 1610 999 b

344 1042 480 1112 siquidem
499 1043 554 1097 alia
570 1048 731 1113 satagentes,
749 1044 783 1098 de
803 1043 830 1097 vi
849 1043 992 1098 incendii8
1011 1042 1125 1097 minime
1146 1043 1305 1112 cogitarent,
1325 1058 1391 1097 mox
1411 1042 1527 1113 contigit
1543 1047 1576 1097 ut

345 1143 444 1196 domus
455 1143 560 1207 eadem,
571 1143 753 1198 crescentibus
764 1143 883 1197 tlammis
894 1143 983 1207 altius,
990 1143 1018 1197 in
1029 1140 1215 1211 superioribus
1226 1147 1455 1196 concremaretur.
1465 1143 1574 1196 Domno

344 1255 408 1308 ergo
420 1239 548 1309 pontitice
560 1255 621 1293 cum
632 1240 691 1293 viro
703 1240 833 1310 praedicto
842 1240 877 1293 ad
889 1239 1044 1293 relectionis
1056 1254 1181 1292 mensam
1192 1239 1304 1292 sedente
1316 1255 1348 1292 ac
1358 1238 1419 1308 igne
1430 1238 1577 1293 sublimius

346 1337 537 1403 invalescente,
548 1338 665 1393 ministri
675 1355 731 1392 non
739 1339 862 1393 valentes
868 1338 994 1392 incendio
1006 1316 1140 1402 resistere,
1153 1338 1251 1391 domus
1261 1337 1360 1406 egressi
1369 1336 1472 1401 limine,
1480 1338 1576 1408 fugam

345 1436 456 1504 petiere.
472 1436 596 1491 Tandem
612 1437 786 1492 incumbente
798 1437 958 1491 necessitate
975 1441 1086 1490 sanctus
1099 1438 1173 1490 toras
1184 1435 1287 1498 exiens,
1298 1452 1412 1489 manum
1424 1436 1436 1470 ⁴
1448 1436 1477 1490 in
1488 1436 1576 1491 altum
1597 1440 1626 1491 ro

346 1536 495 1590 extendens
506 1536 612 1605 signum
625 1537 775 1591 Dominicae
787 1536 873 1590 crucis
885 1536 1021 1605 opposuit,
1030 1541 1057 1589 et
1066 1535 1137 1597 ilico,
1146 1535 1247 1589 sedatis
1255 1535 1382 1598 tlammis,
1392 1535 1577 1590 validissimus

346 1633 415 1702 ignis
431 1634 486 1689 virn
505 1651 561 1689 suae
578 1635 686 1690 virtutis
702 1636 802 1690 amisit
821 1635 924 1689 Omnes
943 1635 1036 1704 itaque
1054 1634 1100 1704 qui
1121 1635 1243 1697 oderant,
1264 1635 1388 1688 videntes
1408 1633 1531 1689 divinam
1548 1634 1578 1689 in

346 1733 428 1788 beato
451 1734 510 1788 viro
528 1734 665 1797 virtutem,
676 1735 859 1804 glorificantes
878 1734 1078 1788 benedicebant
1098 1734 1165 1796 Deo,
1177 1733 1315 1787 mirabilia
1335 1750 1445 1803 semper
1457 1732 1577 1788 facienti.

346 1832 418 1900 Quid
427 1837 520 1886 autem
528 1834 693 1904 stupendum
704 1835 731 1887 in
740 1834 793 1888 boc
803 1832 990 1902 tacto,quidve
1002 1832 1174 1886 laciendum*
1184 1832 1235 1885 nisi
1246 1832 1463 1901 omnipotentem
1474 1832 1578 1901 ubique

345 1930 434 1985 Deum
442 1931 555 1985 laudare
566 1937 593 1986 et
605 1932 765 1986 benedicere
781 1933 828 2001 qui
840 1948 905 1985 suos
917 1931 1008 1985 taliter
1019 1931 1178 2000 magnificat
1190 1931 1307 1985 servos?
1319 1931 1373 1985 lste
1385 1947 1506 1999 namque
1516 1947 1578 1985 san·
1596 1932 1626 1983 tlt

346 2034 406 2083 ctus
414 2030 585 2099 jamdudum
595 2031 622 2085 in
632 2031 722 2099 seipso
734 2047 831 2085 omnes
842 2031 995 2085 extinxerat
1003 2030 1125 2084 libidinis
1134 2030 1275 2084 flammas:
1288 2031 1349 2084 ideo
1362 2030 1448 2084 valuit
1459 2031 1494 2084 de
1505 2034 1578 2084 tecto

346 2123 470 2191 ingentes
481 2126 640 2193 extinguere
652 2126 788 2180 flammas.

387 2220 423 2280 6.
442 2222 523 2277 Aliud
541 2223 625 2290 hujus
644 2224 735 2293 magni
755 2223 905 2277 sacerdotis
924 2223 1034 2293 Sulpicii
1055 2239 1111 2277 non
1129 2229 1171 2278 est
1188 2223 1453 2293 praetermittendum
1469 2221 1580 2276 virtutis

346 2322 461 2391 signum,
479 2321 552 2390 quod
569 2336 617 2390 per
628 2337 692 2374 eum
709 2321 745 2374 ad
756 2320 865 2374 laudern
878 2337 956 2374 suam
969 2320 1104 2375 Dominus
1116 2325 1158 2374 est
1175 2321 1302 2389 dignatus
1320 2322 1473 2376 ostendere.
1484 2321 1579 2375 Homo

346 2421 458 2490 quidam
470 2420 576 2473 babens
585 2418 672 2473 tilium
682 2435 817 2472 annorum
827 2419 913 2472 terme
922 2420 1051 2483 decom,a
1064 2419 1205 2473 nativitate
1215 2419 1383 2473 omnimodis
1392 2425 1510 2485 mutum,
1518 2420 1580 2474 aliis
1597 2424 1629 2476 to

346 2520 506 2588 parentibus
517 2517 697 2572 adolescentis
708 2534 800 2571 secum
814 2517 970 2585 assumptis,
982 2518 1095 2571 adduxit
1107 2518 1142 2571 ad
1154 2535 1226 2586 sape
1239 2518 1341 2572 dictum
1351 2519 1504 2573 antistitem
1516 2536 1580 2573 san·

346 2623 430 2683 ctum,
446 2617 599 2672 lacrimosis
611 2617 758 2671 obsecrans
769 2618 898 2685 precibus
909 2622 940 2671 ut
950 2616 1156 2671 adolescentulo
1169 2633 1283 2671 manum
1295 2634 1352 2671 suae
1369 2618 1480 2686 pietatis
1491 2620 1580 2688 porri·

345 2722 428 2788 geret,
440 2734 472 2770 ac
488 2733 538 2784 pro
551 2732 584 2770 eo
603 2732 698 2784 preces
717 2716 752 2769 arl
771 2715 919 2769 Dominum
937 2714 1071 2768 tunderet.
1090 2715 1191 2768 Deatus
1208 2731 1275 2769 vero
1292 2716 1428 2785 Sulpicius
1445 2716 1580 2786 ponbiex,

346 2822 474 2886 suscepto
491 2817 616 2871 alacriter
633 2816 813 2878 adolescente,
830 2815 908 2869 tlexis
925 2816 1010 2869 sacris
1027 2815 1143 2883 genibus
1161 2816 1301 2869 interram
1322 2821 1404 2885 atque
1422 2816 1511 2870 oculis
1527 2816 1581 2870 et¹

347 2917 475 2971 manibus
486 2916 520 2970 ad
532 2916 615 2969 coelos
626 2915 769 2985 protensis,
781 2915 870 2968 oravit
880 2914 1066 2975 devotissime.
1078 2914 1172 2968 dicens
1181 2935 1187 2969 τ
1197 2916 1319 2982 Domine,
1330 2933 1379 2968 rex
1389 2933 1492 2983 regum,
1503 2933 1581 2970 crec-
1597 2919 1632 2969 aa

347 3026 391 3072 tor
400 3017 583 3080 totiuasecuii‚
593 3017 641 3082 qui
649 3014 661 3048 ²
669 3016 706 3067 ad
717 3022 769 3068 tua
778 3015 907 3081 lanuginis
918 3016 1127 3067 similitudinem
1135 3016 1281 3080 plasmasti
1292 3013 1488 3067 bominem⁸oc
1497 3018 1580 3069 ratio·

348 3116 435 3168 nobiti
451 3116 584 3168 intellecta
596 3116 710 3179 ornasti,
721 3115 827 3167 obsecro
838 3116 1054 3166 misericordiam
1067 3121 1118 3166 tua
1129 3114 1285 3179 rvrajcstutis.
1297 3116 1346 3181 qai
1361 3114 1443 3167 trabes
1459 3116 1579 3167 oninium

347 3217 486 3269 bominum
493 3216 590 3281 flatum
602 3215 632 3266 in
644 3230 726 3265 maim
739 3220 795 3277 tua,
807 3214 885 3280 aperi
897 3230 927 3264 os
934 3215 1019 3280 pueri
1028 3215 1116 3277 istius,
1129 3219 1159 3265 at
1174 3215 1302 3280 loqrcatur
1315 3220 1383 3266 recte
1398 3220 1422 3266 et
1434 3214 1526 3266 laudet
1535 3212 1580 3266 εἰ*

346 3314 475 3379 glorificet
491 3320 571 3379 atquc
591 3313 727 3366 benedicat
743 3321 776 3377 te,
793 3311 910 3374 Deuml,
929 3313 1060 3377 factorem
1081 3328 1160 3363 suram
1183 3329 1215 3364 ac
1231 3313 1390 3377 coirfitcatur
1409 3314 1515 3364 reamini
1533 3320 1580 3365 tuo

348 3428 452 3478 magico,
464 3413 535 3480 quod
547 3419 584 3465 est
593 3412 756 3465 benedictum
769 3414 798 3463 ia
810 3412 899 3463 scarila
909 3412 1068 3463 sectatorum.
1081 3409 1198 3463 Sanctus
1210 3415 1302 3463 nutem
1315 3408 1426 3463 Domini
1438 3410 1580 3464 confessor
1597 3410 1630 3463 it

346 3526 460 3579 surgens
471 3511 507 3563 ab
516 3510 647 3573 oratione,
656 3510 771 3564 accessit
780 3509 815 3563 ad
825 3524 940 3577 puerum
954 3508 1095 3577 tetigitque
1104 3508 1177 3561 labia
1190 3509 1257 3577 ejus
1269 3515 1295 3563 et
1308 3508 1472 3563 benedicens
1481 3510 1520 3563 ait
1529 3528 1536 3562 :
1544 3510 1580 3563 Ia

347 3613 453 3663 nomine
465 3612 558 3663 Patria
569 3618 592 3663 et
603 3611 673 3662 Filii
684 3617 708 3663 et
727 3610 849 3677 Spiritus
860 3611 956 3673 sancti,
968 3611 1056 3661 reiciat
1070 3611 1097 3660 in
1115 3616 1140 3661 te
1156 3612 1306 3662 coarvnaais
1316 3610 1456 3662 novisanam
1472 3612 1579 3663 locutio.

347 3708 499 3761 Confestim
511 3708 603 3777 itaque
620 3712 743 3775 apertum
758 3711 800 3760 est
811 3723 843 3759 os
862 3706 938 3775 pueri
951 3710 979 3759 et
994 3704 1160 3772 loquebatur
1172 3712 1253 3765 recte,
1264 3706 1443 3775 magnificans
1455 3707 1579 3777 omnipo·

347 3812 450 3860 tentem
467 3807 555 3860 Deum
572 3812 654 3875 atque
672 3811 795 3859 sanctum
811 3805 882 3859 illius
902 3820 1012 3858 servum
1030 3803 1189 3873 Sulpicium,
1207 3806 1285 3873 cujus
1305 3805 1385 3859 almis
1402 3804 1530 3875 precibus
1547 3822 1579 3861 ac

347 3906 452 3959 meritis
463 3905 571 3958 sabatur
579 3906 599 3960 ⁶.
610 3904 726 3973 Spiritus
735 3906 809 3958 enim
822 3903 933 3957 Domini
944 3902 1054 3971 replens
1064 3903 1159 3956 omnia
1168 3902 1330 3972 habensque
1341 3905 1485 3959 scientiam
1495 3905 1580 3971 vocis,
1595 3908 1627 3961 33

346 4009 404 4058 erat
413 4004 441 4057 in
453 4005 506 4058 isto
516 4020 566 4058 suo
575 4004 680 4058 famulo
690 4024 696 4057 :
707 4004 769 4058 ideo
779 4019 859 4071 agere
868 4002 964 4071 quibat
976 4001 1071 4059 multa.
1080 4002 1125 4055 his
1136 4001 1237 4055 similia
1249 4002 1363 4093 orpndo.

387 4102 421 4160 7.
441 4103 501 4156 Non
513 4106 555 4155 est
564 4106 695 4169 practerea
707 4100 854 4169 tegendum
862 4098 970 4153 silentio
983 4099 1055 4166 quod
1069 4115 1119 4152 suo
1133 4105 1257 4166 tempore
1267 4105 1378 4155 sanctus
1387 4101 1558 4171 Sulpiciusin
1569 4102 1578 4138 ¹

346 4202 454 4256 civitate
471 4200 605 4256 Bituricus
625 4199 730 4253 nullum
754 4199 877 4267 permisit
894 4199 1054 4252 haereticum
1071 4215 1121 4252 nec
1139 4198 1268 4267 gentilem
1287 4198 1331 4252 vel
1348 4199 1360 4233 ⁸
1376 4199 1502 4254 iudicum
1520 4199 1579 4254 sine

346 4299 474 4370 baptismi
483 4298 569 4369 gratia
578 4314 697 4352 manere.
706 4298 781 4352 blulti
791 4314 911 4367 namque
920 4302 984 4351 ante
995 4299 1056 4365 ejus
1066 4297 1269 4352 ordinationem
1279 4297 1366 4352 Judaei
1376 4298 1544 4353 babitabant
1551 4299 1579 4353 in

349 4576 378 4584 -
392 4544 450 4610 8(vi
460 4545 488 4611 i.)
499 4544 633 4598 incendio.
643 4575 675 4582 -
686 4545 847 4611 ‘magnum

379 4625 453 4682 Num·
465 4626 489 4681 θ.
501 4658 533 4666 -
544 4628 553 4661 ¹
566 4644 606 4681 ac.
618 4656 650 4664 -
659 4627 671 4661 ²
679 4626 820 4680 bominem
835 4628 898 4680 add.
908 4655 938 4663 —
949 4627 1020 4681 ³0m‚
1032 4654 1062 4662 -
1074 4629 1085 4662 ⁴
1098 4645 1148 4682 om,
1157 4654 1190 4666 -
1199 4628 1210 4662 a
1219 4644 1270 4681 om,
1279 4654 1311 4666 ,.
1321 4626 1333 4662 s
1345 4627 1493 4682 fatebatur·

378 4709 454 4765 Num.
464 4710 489 4767 7.
506 4739 530 4749 ·-
546 4710 555 4743 ¹
565 4726 616 4763 sua
624 4711 688 4764 add.
697 4739 730 4747 --
741 4708 820 4763 inec.
