3270 5400
319 282 405 378 258·
657 325 783 378 carra.
809 326 913 379 cono.
940 325 1215 380 nacrooalrsrc.

418 518 458 591 6⁰
483 516 612 592 Passio
631 539 656 590 x
673 516 778 591 milia
792 524 1000 610 martyrum
1018 518 1096 612 (fol.
1113 522 1134 592 7
1138 519 1278 612 32861).

350 647 431 702 Edita
448 664 500 717 ope
517 647 601 715 huius
618 647 677 702 cod.
689 646 719 701 iu
730 649 791 702 Act.
801 647 857 711 SS.,
869 648 903 701 ad
916 648 942 701 d.
951 648 984 701 il
994 648 1068 702 lunii
1076 653 1144 703 tom.
1154 649 1198 710 IV.
1211 666 1237 718 p.
1247 650 1295 703 182
1304 665 1364 719 sqq.
1373 649 1427 704 Cir.
1438 665 1518 704 num.
1529 652 1555 713 6,

318 763 343 815 p.
362 747 417 800 176.
433 774 467 784 -
483 745 608 800 Passioni
625 745 771 813 subjuncta
788 749 829 798 est
847 745 875 800 iu
893 746 953 800 cod.
970 746 1051 800 Missa
1068 747 1184 801 dicenda
1197 747 1225 801 in
1237 747 1329 817 vigilia
1342 752 1370 801 et
1383 747 1410 801 in
1421 747 1495 802 testo
1509 747 1556 802 die

317 845 478 900 eorumdem
489 850 650 915 martyrum.

814 1012 1056 1026 —t————

627 1267 840 1381 appendix
866 1270 916 1357 ad
942 1270 1024 1357 ood.
1052 1270 1237 1362 8873-78.

538 1533 576 1577 oa
598 1534 624 1578 s.
645 1476 823 1580 asunnrcro.
846 1514 924 1597 (cfr.
946 1534 1056 1598 supra,
1078 1534 1151 1597 pag.
1173 1515 1244 1593 257,
1266 1515 1324 1599 5⁰.)

358 1708 391 1765 1.
415 1706 464 1762 llis
482 1725 546 1763 vero
565 1715 621 1763 tarn
642 1711 687 1778 pio
708 1710 796 1765 labori
813 1711 1008 1775 insistentibus,
1028 1710 1142 1780 contigit
1160 1712 1259 1765 eodem
1279 1728 1353 1766 anno
1374 1711 1555 1783 sigebertum

314 1812 422 1883 Pipinni
441 1814 511 1881 regis
528 1812 615 1867 filiurn
627 1819 746 1882 quatuor
762 1830 909 1884 regnorum
927 1813 1135 1884 participatione
1151 1814 1297 1883 privatum,
1307 1810 1435 1867 videlicet
1452 1815 1555 1882 ltaliae,

312 1912 473 1978 Germanis,
492 1912 586 1968 Galliae
606 1918 689 1980 atque
710 1912 881 1982 Burgundiae,
898 1914 928 1968 in
948 1912 1053 1968 Cossini
1069 1913 1150 1966 castri
1171 1913 1339 1967 monasterio
1357 1914 1394 1968 ob
1416 1913 1553 1969 intuitum

311 2011 499 2067 retributionis
512 2011 574 2066 vitae
586 2016 694 2066 aeternae
705 2017 806 2065 sanctae
815 2012 1032 2066 conversationis
1044 2012 1170 2066 habiturn
1183 2012 1313 2082 accipere,
1326 2018 1354 2067 et
1365 2030 1427 2068 sese
1439 2031 1554 2069 monas·

311 2110 372 2165 tica
383 2110 531 2181 disciplina
548 2127 627 2165 more
643 2109 761 2179 regulari
778 2110 954 2165 devotissime
972 2111 1154 2166 substernere.
1166 2111 1290 2180 Cumque
1300 2112 1358 2179 iarn
1370 2111 1399 2167 in
1412 2119 1552 2183 provectu
1569 2126 1586 2176 s

310 2209 362 2280 piae
385 2209 600 2264 conversationis
623 2210 778 2273 haberetur,
804 2210 938 2279 comperit
960 2209 1150 2264 beatissimum
1176 2215 1282 2280 patrem
1311 2211 1496 2267 benedictum
1521 2214 1552 2268 in

311 2308 398 2365 Gallia
409 2310 572 2364 translatum
583 2324 667 2378 seque
680 2313 736 2363 tam
747 2309 828 2363 beata
836 2325 885 2378 spe
894 2309 1094 2374 defraudatum,
1103 2325 1152 2379 pro
1165 2325 1221 2377 qua
1231 2313 1323 2363 cetera
1336 2310 1414 2379 parvi
1423 2312 1552 2380 pendens

310 2409 444 2476 coenobia,
453 2408 542 2463 eidem
553 2409 680 2463 caenobio
696 2425 725 2463 se
737 2408 891 2478 specialiter
902 2410 1025 2463 contulit
1043 2408 1123 2476 Quod
1136 2408 1222 2463 nimio
1234 2408 1320 2463 animi
1331 2426 1435 2480 angore
1453 2410 1551 2466 serens

310 2507 454 2578 epistolam
472 2507 634 2562 lacrimabili
654 2507 827 2577 querimonia
847 2507 957 2578 plenam
981 2511 1135 2562 memorato
1155 2507 1211 2576 reqi
1229 2524 1361 2577 germano
1379 2525 1430 2563 suo
1450 2509 1550 2565 Karlo-

309 2623 412 2662 manno
431 2607 537 2671 direxit,
554 2607 683 2677 quatinus
701 2608 789 2660 lactor
803 2606 916 2674 justitiae
933 2606 1061 2661 existeret
1080 2611 1108 2661 et
1125 2607 1229 2675 absque
1246 2607 1430 2677 refragatione
1450 2608 1550 2678 aliqua
1568 2621 1600 2672 to

309 2704 498 2761 beatissimum
508 2707 688 2761 monarchem
700 2706 887 2772 Benedictum‚
897 2723 978 2776 quem
991 2706 1176 2761 Floriaceuses
1188 2706 1327 2771 monachi,
1339 2707 1380 2762 uti
1391 2707 1444 2762 sibi
1457 2708 1549 2775 linxit,

309 2806 403 2860 iurtirn
417 2805 637 2870 vendicaverant,
653 2805 763 2875 publica
775 2806 890 2860 veritate
908 2822 957 2875 per
973 2810 1121 2875 praeseutes
1137 2821 1203 2859 suos
1221 2804 1364 2860 conviolos
1380 2824 1444 2861 cum
1462 2806 1547 2879 digno

308 2903 415 2958 bonore
425 2905 628 2958 transmitteret.
640 2904 746 2972 Quibus
755 2920 803 2959 rex
812 2904 920 2969 auditis.
929 2904 1046 2960 nimium
1056 2904 1136 2974 erepit
1148 2904 1242 2958 animo
1252 2906 1380 2959 astuanti
1389 2906 1547 2976 perturbari

308 3008 335 3058 et
344 3008 439 3073 captus
450 3003 578 3073 utrinque
586 3003 673 3068 hesit,
685 3003 750 3073 quid
760 3003 864 3058 mallet.
872 3004 941 3058 Nam
954 3009 982 3058 et
993 3004 1085 3058 fratris
1095 3003 1257 3073 petitionem
1270 3003 1386 3073 implere
1403 3010 1431 3060 et
1448 3010 1547 3061 tamen

307 3101 461 3157 Floriacum
473 3108 588 3158 conatus
600 3108 642 3157 est
650 3107 726 3157 tanta
738 3103 802 3157 dote
813 3119 869 3157 non
878 3103 1034 3158 destituere.
1046 3103 1171 3171 Cumque
1180 3102 1318 3159 morosius
1327 3103 1435 3174 legatos
1446 3120 1546 3161 secum
1563 3114 1596 3164 tt

307 3200 476 3262 detinuisset,
485 3190 643 3256 convocatis
654 3202 688 3255 ad
698 3218 728 3256 se
737 3201 871 3271 episcopis
881 3205 908 3255 et
923 3201 1086 3270 primatibus
1094 3201 1179 3270 regni,
1189 3202 1271 3270 jussit
1283 3203 1426 3271 praelatam
1439 3204 1547 3273 episto·

306 3300 362 3355 lam
375 3301 403 3356 in
420 3301 505 3356 totius
516 3301 624 3356 concilii
641 3301 754 3355 auribus
770 3300 887 3361 recitari.
898 3301 1028 3369 quatinus
1039 3301 1166 3370 prudenti
1177 3300 1292 3355 consilio
1311 3306 1437 3356 uteretur
1448 3301 1497 3369 ita,
1514 3307 1547 3358 nt

306 3415 358 3454 nec
369 3401 491 3466 fratrem,
500 3405 531 3454 ut
541 3401 644 3454 dictum
656 3404 705 3465 est,
717 3402 899 3465 contristaret,
909 3416 959 3454 nec
968 3404 1061 3454 lamen
1073 3415 1187 3470 regnum
1203 3403 1280 3454 tauto
1292 3401 1401 3455 honore
1413 3399 1546 3470 privaret.

307 3496 367 3565 Quo
385 3497 475 3551 soluto
492 3498 627 3561 consultu,
644 3500 700 3552 tres
717 3497 860 3567 episcopos
876 3497 1031 3552 Floriacum
1049 3497 1214 3567 potestative
1231 3497 1338 3562 direxit,
1353 3499 1402 3568 qui
1419 3500 1547 3557 maxime

306 3611 373 3651 cura
384 3601 488 3665 partem
501 3612 557 3650 non
569 3597 706 3651 modicam
719 3602 877 3651 sanctorum
889 3596 1030 3666 pignerum
1045 3596 1253 3651 Cassinensibus
1269 3597 1417 3652 monachis
1428 3604 1546 3670 propter
1561 3606 1594 3660 ω

306 3694 525 3764 compassionem
537 3695 629 3750 fratris
643 3674 868 3761 transmitterent,
881 3700 909 3749 et
925 3700 1017 3750 cetera
1028 3694 1082 3749 loci
1097 3694 1196 3750 solatio
1211 3701 1396 3751 remanerent
1408 3696 1465 3753 Sed
1476 3714 1547 3769 quo·

306 3793 381 3849 amru
401 3810 458 3848 non
477 3798 520 3848 est
539 3794 680 3864 sapientia,
698 3810 755 3848 non
779 3799 821 3849 est
841 3794 985 3849 consilium
1007 3799 1104 3850 contra
1122 3794 1281 3860 Dominum,
1301 3794 1387 3849 biduo
1406 3800 1546 3853 statutum

307 3892 442 3947 adventus
453 3891 561 3947 illorum
575 3893 648 3948 diem
660 3893 878 3948 Floriacensibus
890 3893 1010 3948 innotuit
1024 3893 1161 3947 iratribus.
1172 3893 1233 3948 lam
1246 3893 1347 3964 quippe
1356 3910 1450 3949 annus
1460 3896 1547 3951 liuns·

306 3996 357 4057 rat,
371 3993 446 4062 quod
462 3996 588 4047 sanctum
604 3993 716 4047 Domini
732 3993 766 4047 de
782 3992 1026 4047 Aurelianensibus
1037 3992 1141 4047 laribus
1151 3996 1407 4062 asportaverantet
1418 4010 1548 4051 annuum

307 4092 487 4161 expectabant
505 4092 586 4157 diem,
599 4091 645 4162 qui
665 4097 707 4147 est
724 4092 811 4162 pridie
828 4108 916 4147 nonas
933 4091 1094 4155 decembris,
1106 4096 1136 4146 ut
1155 4090 1428 4147 recollocarenteum
1440 4093 1472 4150 in
1483 4095 1547 4152 loco
1562 4100 1596 4152 ὓ

95 4179 109 4209 ⁸
120 4181 165 4234 ¹¹5⁶
176 4180 267 4234 verbu·
307 4191 408 4246 debito.
418 4191 450 4245 Et
459 4207 522 4245 ecce
534 4207 597 4245 cum
607 4191 752 4245 innumera
763 4190 939 4245 multitudine
951 4190 1070 4260 episcopi
1083 4189 1157 4259 [et]⁸¹
1170 4190 1348 4246 cassinenses
1355 4190 1441 4263 legati
1450 4210 1546 4267 snper·

93 4248 270 4366 lumffium
306 4268 414 4355 venere,
423 4295 454 4344 ut
462 4290 625 4359 quantocius
634 4291 710 4358 jussa
722 4291 793 4360 regis
801 4291 978 4360 complerent.

338 4388 415 4443 Tunc
441 4389 547 4453 iratres,
573 4395 684 4460 peracto
711 4390 769 4458 jam
793 4389 899 4459 iejuuio
925 4389 1061 4454 triduano,
1087 4387 1256 4443 incluserunt
1275 4405 1305 4443 se
1324 4389 1354 4445 iu
1373 4390 1453 4447 beati
1470 4392 1547 4451 Petri

305 4486 427 4552 ecclesia,
439 4494 467 4543 et
477 4493 682 4559 prosternentes
698 4505 728 4543 se
746 4505 809 4543 cum
824 4488 948 4558 suspiriis
965 4493 992 4542 et
1009 4487 1129 4543 lacrimis
1147 4487 1338 4544 beatissimum
1354 4489 1547 4551 Benedictum

304 4586 349 4641 his
360 4587 450 4641 verbis
462 4588 629 4658 compellant
641 4608 648 4642 ε
662 4591 684 4642 0
695 4591 778 4642 unica
789 4606 850 4658 apes
866 4596 960 4643 nostra
970 4596 1032 4658 post
1042 4590 1138 4655 Deum,
1151 4605 1184 4642 ne
1194 4589 1371 4658 derelinquas
1381 4607 1433 4646 noe
1443 4594 1547 4663 orphe·
1561 4594 1596 4649 ⁸0

304 4700 361 4738 noa.
376 4686 486 4753 Opoter
497 4689 606 4753 eprepr'e,
616 4694 721 4756 operer
733 4687 924 4742 monachorum
935 4693 959 4741 et
971 4687 1029 4740 dus
1044 4686 1192 4752 Benedicta,
1201 4686 1270 4755 quid
1277 4686 1309 4741 in
1326 4688 1407 4744 aedis
1416 4690 1546 4760 displicet
