3338 5394
291 422 383 473 n1ns.
401 421 482 474 sss.
501 421 675 473 nnaxsnn.
695 443 741 452 -
760 422 907 473 sersus.
926 422 1071 509 soson.
1090 410 1127 473 ΝΟ
1143 421 1220 474 seso.
1300 402 1368 474 311

135 612 280 679 sudr‘acetis
291 620 427 681 perpetua
438 615 527 673 imarii,
539 614 589 680 qui
600 614 736 678 iquoratis
744 629 796 680 per
807 629 885 680 quem
897 613 1055 685 sulsistitis.
1067 613 1220 666 Subsistitis
1237 615 1308 666 enim
1324 630 1374 681 per

135 727 205 777 meu,
217 714 283 779 quia
295 714 329 766 ab
340 715 400 781 ipso
411 715 497 765 creati
509 714 572 765 estis
578 731 590 776 ;
600 714 691 765 uiuitis
702 715 783 765 etiam
794 729 845 780 per
858 714 934 765 illum
953 713 1093 780 corporali
1103 715 1167 777 aito,
1185 715 1252 780 quia
1269 713 1303 766 al
1314 715 1373 780 ipso

135 812 202 863 eatis
211 812 338 876 vivificati
344 830 355 876 ;
372 815 475 865 mortui
491 828 552 865 cero
564 814 627 864 estis
645 813 696 876 illi,
708 813 775 879 qeiio
793 819 876 864 morte
888 813 947 877 ejus
958 813 1090 879 redempti
1100 828 1154 864 non
1165 813 1236 879 estis,
1247 814 1305 865 nisi
1314 814 1373 877 for·

134 909 220 961 tussis
230 910 268 961 ad
278 910 356 961 illum
368 911 570 962 convertamini.
585 910 662 974 Quod
679 917 769 962 autem
780 911 850 974 diei,
863 925 908 962 coe
921 911 1049 975 r'qriorare
1065 926 1118 977 per
1129 927 1205 976 qeeem
1217 911 1373 975 seclsistitis,

101 1012 118 1063 t
135 1008 166 1060 iu
176 1008 226 1060 ltoc
237 1009 301 1061 estis
313 1009 460 1075 culpabiles
466 1027 477 1071 ,·
489 1011 518 1060 in
530 1009 579 1061 lioc
597 1024 658 1060 cero
672 1009 819 1061 admodum
834 1009 1004 1073 execrabiles,
1017 1010 1088 1075 quod
1099 1016 1243 1061 creatorem
1255 1017 1373 1062 restrium

133 1109 340 1174 persequimini,
349 1125 409 1159 cnm
417 1111 604 1175 persecutione
615 1116 703 1160 cestra
716 1110 748 1160 de
763 1124 812 1161 sno
825 1108 895 1167 nihil
906 1110 1011 1176 perdat,
1023 1110 1104 1161 imnio
1115 1110 1229 1161 multum
1242 1110 1373 1177 adquirat

135 1209 169 1259 de
179 1209 288 1271 mundo,
300 1225 360 1259 cum
371 1225 419 1260 nos
431 1210 479 1275 qui
488 1224 584 1261 sumus
590 1209 645 1273 filii
654 1208 758 1272 nitendi,
773 1215 796 1260 et
808 1209 886 1260 illum
898 1214 1043 1274 contempto
1054 1209 1155 1260 mundo
1166 1210 1313 1276 sequimur,
1324 1227 1373 1276 per

133 1286 268 1358 tormenta
279 1313 368 1358 cestra
385 1307 439 1357 sili
455 1307 652 1358 transmittitis.
667 1306 841 1357 Execralriles
852 1307 945 1371 ipitur
956 1307 1027 1369 estis,
1039 1307 1088 1372 qni
1099 1313 1244 1358 creatorem
1255 1313 1373 1358 cestrum

135 1407 217 1471 quasi
226 1405 327 1456 liostem
338 1405 469 1456 risibilem
479 1406 580 1457 callida
590 1405 760 1471 subreptione
773 1406 1074 1471 nitiminiinterciperc,
1086 1407 1134 1471 qui
1146 1422 1191 1456 nec
1202 1406 1374 1457 conscinditur

84 1507 117 1558 to
135 1506 210 1567 locis,
227 1520 274 1556 nec
290 1505 356 1556 ullis
374 1505 583 1557 adversitatibus
596 1511 689 1572 putet:
701 1521 785 1570 rieqece
802 1506 873 1555 enim
886 1511 987 1557 natura
1000 1505 1059 1569 qus
1070 1504 1118 1556 ltoc
1131 1506 1233 1572 recipit,
1249 1511 1278 1556 ut
1296 1506 1372 1557 modo

135 1604 289 1666 commodis,
301 1603 379 1655 modo
389 1604 564 1655 incommodis
572 1604 720 1666 mutiletur,
732 1608 755 1654 et
767 1618 903 1654 anrwrum
916 1619 1023 1655 accessu
1032 1605 1087 1655 sice
1098 1619 1202 1654 recessu
1211 1604 1374 1654 exteridatur

137 1704 177 1755 oel
188 1705 334 1754 misceatur
342 1705 397 1754 cita
406 1704 473 1768 ejus.

177 1799 212 1855 4.
233 1798 298 1851 Hac
316 1797 537 1851 constantissima
554 1797 687 1865 professio
699 1802 844 1866 postquam
863 1800 904 1850 est
921 1797 1026 1866 perlata
1044 1797 1078 1850 ad
1098 1795 1269 1850 consularem
1283 1797 1372 1851 Calvi-

137 1899 256 1959 sianum‚
268 1895 364 1949 volens
374 1895 429 1949 vim
443 1894 590 1947 verborum
602 1895 661 1962 eJus
676 1896 763 1962 inagis
776 1894 877 1963 proprii
890 1896 947 1948 oris
959 1895 1152 1963 prosecutione
1163 1910 1247 1962 quarn
1255 1893 1372 1949 aliorum

87 2002 120 2051 tt
138 1994 273 2050 relatione
284 1995 433 2057 addiscere,
451 1993 605 2046 astantibus
622 1993 709 2046 dixit:
729 1996 915 2059 inpediatur.
937 1994 1061 2061 Curiique
1085 1993 1258 2046 intromissus
1277 1993 1374 2047 luisset

138 2099 251 2150 sanctus
270 2093 372 2161 Euplus
390 2093 418 2145 in
430 2092 727 2161 auditorium‚protulit
744 2093 885 2160 evangelia
898 2098 1001 2155 sancta,
1019 2092 1135 2144 tacendo
1153 2092 1269 2145 innuens
1285 2091 1373 2160 legem

139 2193 317 2248 christianam
330 2192 364 2244 ad
377 2190 534 2243 conflictum
547 2191 635 2258 legem
646 2207 815 2259 paganorum
828 2206 987 2258 provocare,
998 2189 1091 2243 dicens
1100 2189 1183 2242 etiarn
1195 2190 1284 2258 legem
1295 2206 1374 2243 snam

137 2293 178 2347 sic
196 2307 321 2345 securam
335 2290 457 2343 victoriis
475 2293 506 2342 ut
521 2293 580 2341 erat
592 2305 689 2342 secura
700 2288 800 2342 abillo
818 2306 847 2341 se
867 2289 977 2352 editam,
995 2289 1041 2357 qui
1060 2288 1125 2341 lacit
1143 2287 1260 2341 victores
1277 2304 1374 2341 omnes

138 2398 279 2448 amatores
296 2390 459 2459 evangelicae
473 2389 603 2442 veritatis.
616 2389 650 2442 Et
667 2389 736 2442 dixit
754 2387 943 2442 calvisianus:
963 2391 1027 2454 φαεν
1037 2397 1100 2441 sunt
1112 2390 1165 2442 liae
1176 2405 1234 2456 qiua
1242 2391 1375 2455 profers?

86 2495 122 2546 ΞΘ
144 2494 193 2547 Vis
202 2495 231 2545 in
244 2494 355 2544 deorum
368 2490 498 2543 latritibus
507 2491 615 2557 aliquid
624 2491 731 2554 leperido
739 2493 895 2556 peroraret
912 2489 959 2541 Vis
968 2490 1115 2541 ammirari
1123 2490 1225 2541 claram
1238 2489 1375 2553 Herculis,

139 2609 199 2662 qun
207 2611 224 2645 a
233 2592 316 2651 nullo,
325 2593 373 2658 qni
382 2590 562 2655 sinprelariter
569 2591 656 2654 fuerit
667 2590 752 2654 horico,
760 2592 850 2656 potnit
860 2590 978 2656 portciri,
987 2590 1044 2639 nisi
1053 2589 1086 2640 ab
1097 2589 1143 2640 illo
1151 2590 1196 2640 cui
1207 2605 1240 2641 ex
1257 2590 1375 2641 semidea

135 2700 220 2762 parto
229 2693 243 2721 ‘⁴
255 2693 312 2756 fnit
322 2691 476 2758 portabilis,
488 2706 522 2741 esc
529 2695 610 2756 parte
621 2697 708 2740 anetem
721 2690 910 2740 sennicumaua
924 2688 1108 2754 importabilis
1119 2688 1175 2752 fuit
1184 2706 1195 2752 ,·
1206 2689 1252 2740 sed
1264 2689 1375 2753 dipnior

136 2806 209 2859 pars
228 2789 387 2854 indipnitati
403 2788 518 2838 alterius
534 2793 640 2851 partem
661 2788 707 2836 sai
723 2786 829 2838 coloris
842 2787 996 2852 impertivit.
1009 2792 1032 2837 et
1047 2787 1087 2837 sic
1099 2792 1216 2852 utraque
1222 2802 1294 2852 pars
1309 2786 1375 2837 ciri-

140 2889 208 2940 liter
215 2888 327 2953 pestaoit
338 2887 449 2950 clavam,
462 2885 581 2936 uiriliter
590 2885 672 2936 etiam
682 2885 789 2936 dirersa
797 2886 951 2951 prostracit
962 2891 1097 2950 portenta.
1114 2884 1162 2935 Vis
1177 2884 1286 2935 turbam
1303 2887 1375 2953 capi·

87 2989 123 3039 ss
141 2993 200 3039 tum
216 2985 322 3051 hydria
335 2985 479 3048 diaereret
497 2983 655 3034 Viscorum
675 2999 817 3034 nutrieram
834 2984 864 3033 in
882 2998 1014 3034 surrnnam
1032 2984 1179 3049 collipere?
1197 2983 1270 3034 Neam
1283 2989 1376 3049 pectus

140 3085 272 3137 Minerua
283 3089 421 3134 armatum
433 3082 572 3146 Goraoneo
580 3083 667 3147 capite
680 3081 870 3133 exhorruisti?
883 3081 955 3132 Num
964 3083 1069 3147 oirpam
1081 3082 1262 3148 soporiferam
1271 3079 1376 3134 Mercu·

140 3184 181 3234 rii
194 3183 354 3250 pertinuisti
373 3182 439 3232 dura
456 3180 584 3245 leperest
605 3179 641 3230 Εἰ
656 3195 701 3230 nec
715 3180 863 3246 perlepens,
887 3196 919 3230 ne
947 3180 1053 3231 diutius
1073 3181 1181 3245 leqendo
1200 3180 1374 3246 obdormires,

140 3283 262 3335 celeriter
270 3281 371 3333 librum
383 3281 510 3331 cluensisti
520 3281 534 3330 t
546 3278 619 3329 Num
629 3279 745 3344 delphici
754 3279 891 3344 Apollinis
904 3280 933 3330 iu
941 3281 1081 3344 ariipmate
1091 3280 1224 3346 toqnentis
1231 3280 1376 3346 perplexos

140 3381 283 3433 cerlornm
293 3381 445 3443 amfractus
455 3378 624 3443 pervidisti?
638 3377 710 3428 Num
728 3384 870 3429 veneratus
886 3394 914 3429 es
930 3379 1133 3443 distrinpentem
1151 3378 1248 3429 herbas
1264 3377 1375 3429 Escula-

89 3483 122 3534 30
140 3482 228 3546 pium,
240 3495 331 3531 succos
343 3479 488 3530 licitarum
504 3479 657 3542 elicientem,
670 3494 781 3544 sapores
795 3494 889 3529 cariem
902 3479 1094 3530 discernentem
1106 3479 1164 3529 oris
1175 3478 1341 3547 experientia
1352 3482 1375 3528 et

140 3578 348 3645 apritctdinilus
362 3577 505 3629 recedentem
515 3579 529 3628 t
541 3577 577 3629 Et
592 3593 652 3629 cam
663 3577 711 3629 lios
723 3593 813 3629 omnes
824 3578 886 3629 deos
902 3593 969 3644 quos
984 3578 1167 3643 pruniisimus
1179 3583 1227 3628 aut
1235 3582 1376 3628 ueneratus

140 3679 188 3741 sis,
197 3683 246 3729 aut
255 3678 427 3739 ammiratus,
445 3678 474 3727 in
492 3677 547 3728 solo
567 3675 685 3728 Vulcano
702 3693 720 3728 a
737 3678 801 3728 risu
814 3692 867 3728 non
880 3677 1046 3739 abstinuisti,
1058 3677 1138 3741 cujus
1150 3677 1270 3743 leupario
1283 3682 1306 3727 et
1318 3677 1375 3727 larc-

138 3777 251 3842 puentia
262 3776 373 3841 cestiqia
391 3776 526 3840 serpentia
543 3776 579 3826 ad
596 3790 688 3826 casum
709 3782 761 3827 toto
785 3777 894 3841 corpori
912 3791 1039 3840 resupnum
1062 3776 1259 3838 deformitatem
1276 3776 1375 3840 impar

141 3882 200 3928 tant
208 3878 223 3927 t
232 3875 306 3927 Huic
315 3875 459 3942 opprobrio
470 3876 529 3938 ejus
539 3875 617 3925 aliud
630 3875 768 3938 infelicius
780 3875 940 3938 adiunctum
949 3881 986 3926 est
996 3874 1179 3941 opprobrium,
1188 3874 1289 3925 dicente
1296 3880 1375 3940 poeta

93 3977 126 4028 aa
142 3981 236 4027 nostro
247 3993 257 4026 .·

775 4087 823 4140 Cui
843 4103 899 4140 non
919 4088 1002 4140 risere
1020 4092 1146 4156 parentes

360 4187 414 4240 Nec
433 4187 500 4240 deus
519 4187 592 4239 hunc
610 4202 713 4248 mensa,
731 4186 782 4239 dea
800 4203 851 4239 nec
868 4186 979 4254 dignata
996 4185 1079 4240 cubili
1096 4190 1145 4240 cst.

177 4370 232 4434 Qui
239 4370 290 4422 etsi
304 4370 334 4420 in
351 4370 402 4421 leuc
409 4375 490 4435 porte
500 4369 686 4430 ridetur,suis
699 4375 787 4420 tomen
804 4370 950 4433 sacrificiis
966 4368 1128 4432 tonsoratur,
1138 4369 1203 4435 quia
1221 4370 1287 4420 deees
1304 4370 1377 4433 ionis

142 4476 197 4522 est:
206 4470 278 4535 quod
287 4469 440 4520 elementum
452 4468 588 4535 quidquid
599 4468 636 4518 ad
647 4474 742 4519 nutum
752 4469 811 4532 ejus
821 4469 950 4532 continpit
958 4485 991 4519 ea·
1000 4470 1104 4532 intepro
1114 4468 1264 4532 absumens,
1273 4469 1378 4520 arellius

93 4570 126 4623 ld
141 4569 304 4621 recordatur
313 4569 416 4633 pratia,
428 4568 534 4619 nullius
547 4568 640 4631 fricari
656 4568 784 4632 floneneas
799 4584 865 4619 snas
878 4569 1043 4619 moderatur.
1056 4566 1188 4619 Forsitan
1205 4569 1246 4619 cis
1262 4569 1378 4621 recitare

144 4670 334 4721 contentionem
340 4668 427 4719 trium
436 4667 550 4718 dearum
557 4667 663 4729 formas
670 4682 764 4717 earnm
774 4667 955 4719 illustrantem
963 4674 986 4719 et
992 4667 1199 4718 obscurantem?
1210 4667 1378 4735 Utraquoeque

144 4766 215 4817 enim
225 4766 323 4829 faciem
335 4781 414 4817 suam
427 4765 456 4816 in
473 4765 554 4816 tanede
572 4766 689 4816 maximi
705 4766 811 4817 decoris
833 4765 962 4826 taneta,-
975 4766 1088 4830 sinpula
1105 4781 1165 4817 cero
1180 4766 1377 4830 deformitatem
