3270 5400
400 319 449 392 50
736 340 862 391 carru.
889 340 992 392 cono.
1018 339 1293 395 arsinoitarum.

400 529 478 596 quus
488 528 661 597 providentia
672 528 863 583 decentissime
880 528 909 582 in
920 529 1012 582 verbis
1029 529 1122 598 gratiae
1134 533 1162 583 et
1172 528 1295 583 subsidio
1313 529 1451 583 alimoniae
1469 531 1623 598 proficieba

400 627 516 682 assidue.
529 628 683 682 Pennansit
694 628 786 697 itaque
802 644 880 682 sacer
891 628 990 698 praesul
1002 628 1119 682 Amatus
1132 629 1159 682 in
1172 629 1225 682 hoc
1244 629 1305 683 loco
1320 645 1376 682 non
1394 644 1480 698 parvo
1499 632 1631 699 tempori

400 728 497 796 spatio,
506 730 533 781 et
540 727 662 782 exulavit
673 727 725 780 sub
737 727 838 781 abbate
846 726 1071 796 saepedictovere
1082 730 1177 780 sancto
1189 731 1217 780 et
1226 743 1273 796 per
1282 727 1376 781 omnia
1385 727 1434 781 Dei
1444 745 1534 792 servo,
1544 730 1634 784 donec

399 842 449 893 pro
466 825 572 879 meritis
592 826 719 879 meritam
740 827 768 880 in
785 827 865 880 astris
876 830 1054 895 percepturus
1074 842 1215 888 coronam,
1227 825 1343 879 Ultanus
1362 831 1439 893 pater
1451 827 1508 880 ab⁸
1528 829 1634 897 angelis

400 926 548 979 veheretur
564 926 600 979 ad
616 927 751 981 sideream
769 927 898 997 palmam

444 1024 499 1082 17.
524 1024 626 1079 Diebus
638 1026 647 1058 ¹
658 1024 718 1088 illis,
727 1024 768 1078 uti
780 1024 853 1078 clara
866 1024 954 1077 editus
963 1024 1098 1093 prosapia,
1108 1024 1266 1078 llaurontus
1276 1025 1345 1093 regis
1354 1024 1500 1094 preclarus
1510 1027 1634 1095 fulgebat

400 1123 428 1176 in
448 1122 518 1177 aula.
536 1121 598 1189 Qui.
615 1122 747 1191 quoniam
762 1121 931 1190 perlucidre¹
947 1121 1047 1174 mentis
1064 1121 1172 1189 ingenio
1193 1121 1358 1190 potiebatur,
1375 1124 1459 1177 rebus
1476 1140 1588 1192 semper
1605 1131 1634 1179 et

399 1222 520 1290 undique
537 1221 607 1275 bene
624 1221 706 1289 gestis
722 1220 877 1289 gloriosus¹
895 1220 1083 1275 exhibebatur.
1102 1221 1179 1275 Unde
1203 1222 1288 1276 totius
1311 1222 1405 1290 palatii
1422 1223 1543 1292 fulgidos
1561 1225 1634 1279 inter

399 1321 546 1390 optimates
557 1320 676 1388 fulgidus
688 1319 746 1387 ipse
758 1319 910 1383 videbatur,
921 1324 948 1372 et
959 1318 1071 1387 quidam
1084 1320 1241 1387 symmistes
1251 1320 1271 1373 1.
1283 1320 1333 1373 Hic
1346 1337 1418 1389 ergo,
1431 1322 1533 1376 nobilis
1543 1323 1594 1376 viri
1604 1330 1632 1378 et

398 1418 571 1488 Francigenoe
590 1418 735 1472 Adalbaldi
752 1418 948 1488 primogenitus
967 1419 987 1482 1,
1007 1418 1166 1471 Rictrudem
1182 1418 1194 1453 1
1214 1418 1336 1472 habebat
1355 1419 1525 1489 genitricem,
1546 1423 1632 1476 sacris

400 1521 525 1570 ornatam
534 1517 665 1570 moribus.
671 1516 947 1584 Parentes¹namque
954 1515 1038 1584 ipsius
1048 1532 1080 1568 ex
1091 1516 1201 1569 Domini
1210 1516 1401 1571 benedictione
1411 1519 1467 1572 nati
1478 1524 1551 1573 sunt.
1560 1519 1632 1573 His¹

399 1615 447 1669 tilii
467 1632 584 1684 superno
602 1632 716 1670 munere
729 1616 740 1650 1
752 1614 836 1678 luere,
853 1615 1012 1682 jamdictus
1030 1614 1158 1669 videlicet
1176 1616 1200 1650 ¹⁰
1211 1615 1377 1678 Maurontus,
1398 1617 1485 1670 abbas
1500 1623 1528 1671 et
1544 1617 1631 1672 levita

398 1717 516 1777 sanctus,
533 1728 596 1765 cum
612 1712 701 1766 tribus
719 1712 810 1780 magni
830 1711 922 1765 meriti
940 1713 1095 1765 sororibus:
1114 1711 1267 1766 Clothende
1287 1712 1318 1775 ¹¹,
1336 1712 1462 1776 Eusebia,
1480 1729 1589 1767 necnon
1607 1714 1631 1749 11

397 1811 516 1865 Alsende
526 1813 549 1845 11
561 1812 719 1865 novissima.
730 1812 792 1865 Istis
805 1811 828 1845 11
840 1827 896 1864 una
904 1809 980 1875 fides,
992 1827 1047 1863 una
1057 1811 1156 1879 Jugiter
1168 1811 1278 1866 devotio
1291 1812 1430 1866 fervebat:
1442 1829 1504 1880 quoe
1516 1814 1556 1867 sic
1568 1812 1630 1867 illos

398 1910 499 1963 Glrristi
510 1910 582 1963 circa
593 1911 699 1964 monita
710 1911 883 1977 sollicitabat,
900 1910 1029 1979 quatinus
1042 1926 1103 1963 cum
1123 1909 1211 1979 gloria
1230 1912 1330 1964 natirae
1348 1911 1460 1980 originis
1479 1912 1628 1980 conspicua

398 2013 595 2063 exornarentur
606 2010 750 2063 sanctitate
762 2009 925 2063 beatudinis.

442 2106 497 2165 18.
519 2107 657 2162 Rictrudis
676 2108 766 2176 itaque
781 2111 845 2175 post
859 2106 971 2159 beatum
984 2105 1034 2159 vlri
1045 2107 1055 2139 ¹
1066 2106 1108 2159 sui
1119 2105 1130 2139 1
1143 2106 1258 2168 obitum,
1270 2105 1351 2159 sociis
1363 2106 1471 2160 filiabus
1488 2125 1521 2161 ac
1532 2124 1628 2163 nume·

398 2223 461 2260 roso
470 2222 550 2274 grege
561 2204 819 2267 sanctimonialium,
831 2203 905 2272 quod
914 2202 966 2256 sibi
978 2219 995 2255 a
1006 2207 1101 2256 sancto
1113 2202 1239 2256 limando
1250 2202 1469 2268 luerat¹datum,
1479 2205 1628 2260 Martianus

398 2305 564 2359 inhabitavit
572 2304 735 2366 coenobium,
744 2303 837 2371 ibique
849 2303 1036 2371 spiritualibus
1045 2301 1179 2355 exercitiis
1191 2302 1259 2355 dans
1268 2319 1389 2372 operam,
1397 2308 1485 2358 totam
1498 2305 1628 2376 deinceps

398 2404 488 2458 collati
501 2403 632 2472 temporis
645 2405 671 2456 in
683 2403 728 2472 pia
739 2403 841 2455 amoris
853 2402 865 2435 1
876 2402 1051 2470 generatione
1062 2402 1074 2435 1
1086 2400 1164 2455 duxit
1175 2402 1268 2465 vitam,
1280 2418 1424 2470 quousque
1437 2404 1548 2458 beatam
1559 2405 1628 2461 coeio

398 2503 523 2557 redderet
542 2502 671 2566 animam,
692 2507 719 2555 et
736 2501 849 2570 gloriam
868 2500 979 2569 spiritus
996 2501 1055 2568 ejus
1072 2504 1180 2569 caperet
1196 2506 1335 2555 aeternam.
1352 2501 1529 2571 Praescriplus
1547 2505 1628 2573 igitur

397 2599 468 2653 lilius
480 2600 565 2668 ipsius
577 2600 596 2662 ¹,
608 2599 776 2661 llaurontus,
788 2597 878 2651 laicali
891 2597 901 2630 ¹
913 2597 1011 2651 habitu
1028 2596 1228 2666 aliquantulum
1241 2597 1375 2661 detentus,
1387 2599 1435 2652 sed
1447 2601 1625 2668 postmodum

396 2715 413 2752 a
424 2699 622 2767 praenominato
636 2697 772 2767 pontifice,
784 2696 979 2751 miraculorum
992 2697 1095 2749 factore
1107 2696 1233 2749 rimando
1245 2696 1258 2730 1
1269 2697 1433 2762 confessore,
1446 2698 1563 2754 clericus
1575 2702 1628 2755 et¹

395 2797 481 2850 abbas
493 2797 643 2859 ordinatus,
651 2801 734 2865 atque
745 2796 854 2849 diaconi
864 2795 887 2830 ¹⁰
897 2795 932 2848 ad
941 2793 1055 2863 gradum
1068 2794 1215 2863 perductus
1228 2796 1259 2858 ¹¹,
1269 2796 1297 2848 in
1306 2812 1365 2859 suo,
1377 2797 1424 2864 qui
1437 2797 1549 2852 Broilus
1559 2800 1626 2855 dici-

396 2897 447 2957 tur,
460 2893 554 2956 fundo,
565 2892 654 2961 sagaci
672 2892 870 2946 monasterium
889 2892 924 2944 ad
945 2891 1031 2944 sancti
1048 2890 1121 2944 Petri
1138 2891 1270 2945 honorem
1290 2894 1410 2947 extruxit
1426 2899 1501 2957 roto,
1520 2896 1626 2966 delega-

394 2992 485 3060 tisque
493 2992 643 3047 redditibus
651 2992 735 3045 ¹¹una
743 3008 805 3045 cum
814 2991 867 3045 illic
875 2991 931 3044 Deo
939 2990 1213 3059 servientibus;quod
1222 2996 1366 3046 eratsuum
1374 2993 1588 3062 ¹³aparentibus
1595 2997 1625 3061 11,

394 3090 573 3144 libentissime
584 3091 692 3145 Domini
705 3090 821 3145 contulit
831 3091 854 3125 11
866 3089 1015 3143 obtutibus.
1025 3089 1074 3142 His
1083 3094 1111 3142 et
1119 3088 1198 3142 lactis
1209 3088 1345 3144 similibus
1357 3092 1484 3146 decenter
1493 3095 1624 3149 nobilita-

395 3189 476 3242 batur
489 3189 517 3242 in
529 3190 665 3245 omnibus.

438 3285 492 3344 19.
515 3286 614 3340 Ultano
632 3301 695 3352 ergo
716 3284 816 3337 abbate
836 3283 909 3337 viam
929 3282 1050 3351 ingresso
1065 3282 1155 3335 carnis
1172 3282 1306 3336 universae
1317 3284 1335 3349 ¹,
1352 3283 1439 3338 huic¹
1456 3286 1490 3339 ad
1503 3303 1624 3356 praesens

393 3384 523 3438 accersito
530 3383 636 3451 jussum
649 3387 690 3434 est
702 3398 718 3434 a
729 3397 792 3449 rege
800 3384 925 3434 sanctum
935 3379 1036 3433 Christi
1045 3379 1174 3433 Amatam
1185 3379 1340 3448 episcopum
1352 3380 1379 3434 in
1388 3381 1495 3436 Perona
1505 3385 1622 3451 exulem,

392 3500 485 3537 secum
498 3482 557 3535 sine
569 3497 647 3534 mora
660 3481 759 3534 ducere
771 3480 790 3543 ⁸,
802 3483 830 3533 et
841 3480 870 3532 in
889 3495 939 3532 suo
957 3478 1066 3532 noviter
1081 3483 1205 3532 extructo
1223 3480 1390 3534 monasterio
1408 3482 1621 3538 custodiendum

391 3597 508 3634 serrare.
520 3581 557 3633 At
567 3579 587 3644 1,
599 3578 664 3647 quia
676 3595 719 3631 res
731 3578 841 3646 exigens
853 3592 964 3630 causam
977 3575 1067 3640 dabat,
1081 3577 1270 3646 opportunitas
1279 3595 1389 3648 quoque
1402 3582 1533 3648 temporis
1546 3584 1621 3649 adju·

389 3778 670 3838 -¹abodd.ea3,4.

421 3860 494 3914 Nam.
514 3859 553 3914 17.
571 3888 602 3897 -
617 3859 626 3892 ¹
639 3859 678 3912 De
692 3863 787 3912 sancto
799 3858 944 3912 Mauronto
955 3859 983 3909 in
993 3873 1080 3922 marg.
1092 3858 1155 3909 add.
1169 3856 1196 3919 1;
1207 3856 1246 3908 De
1258 3863 1351 3910 sancta
1363 3858 1494 3912 Rictrude
1506 3864 1534 3913 et
1546 3860 1619 3914 liau-

389 3947 470 3995 runto
482 3942 542 4008 ejus
551 3940 607 3994 filio
617 3942 716 3993 litteris
724 3940 819 3992 rubris
828 3940 890 3992 odd.
902 3938 927 3990 3.
937 3966 969 3974 -
978 3936 990 3969 ¹
1000 3935 1140 4004 perlucido
1150 3937 1174 3999 3,
1183 3937 1207 3990 4.
1217 3937 1268 3975 -³
1278 3955 1328 3991 om.
1337 3939 1361 3991 3.
1371 3966 1401 3976 -
1411 3940 1423 3972 1
1432 3939 1584 3994 simmistes
1594 3945 1618 4003 l;

389 4023 544 4092 symmistes
553 4023 583 4085 D,
597 4022 717 4075 simistes
728 4022 758 4084 3;
771 4020 930 4074 summistes
946 4020 970 4072 4.
983 4047 1014 4056 -
1026 4018 1037 4052 1
1049 4018 1096 4086 qui
1109 4019 1227 4087 proedicti
1241 4020 1420 4074 Helclrenaldi
1433 4024 1500 4086 (sic)
1512 4024 1618 4092 patricii

388 4107 472 4159 irater
484 4110 543 4158 erat
554 4121 700 4173 germanus
711 4107 774 4157 odd.
787 4104 811 4156 4.
824 4131 856 4138 -
866 4103 878 4136 1
887 4118 952 4155 vero
965 4104 1027 4155 add.
1039 4103 1063 4154 4.
1075 4127 1107 4135 -
1120 4101 1347 4168 ³(Purenteshis)
1363 4103 1467 4157 Horum
1481 4106 1505 4158 3.
1517 4135 1548 4143 -
1559 4107 1618 4160 ⁸ito

387 4189 451 4251 243
464 4188 508 4240 Hii
521 4190 541 4240 l.
551 4217 582 4223 -
592 4188 675 4239 ¹cedd.
684 4187 788 4239 ταῶ,-
800 4186 823 4219 11
832 4184 959 4238 videlicet
968 4187 1030 4237 add.
1040 4203 1073 4237 ex
1085 4185 1138 4238 a-t.
1148 4212 1179 4222 -
1191 4186 1212 4218 ¹¹
1223 4185 1353 4238 Clotende
1362 4186 1425 4250 23,
1436 4186 1616 4242 Clorsendeh

387 4298 419 4308 -
431 4271 452 4303 11
465 4274 492 4322 et
503 4271 566 4322 add.
578 4269 602 4321 3.
614 4296 641 4303 -
657 4269 680 4302 11
689 4268 845 4321 Adalsende
854 4268 878 4331 3,
890 4269 914 4320 4.
924 4299 955 4307 -
969 4267 992 4300 11
1000 4267 1032 4319 ln
1043 4266 1103 4320 istis
1113 4267 1138 4320 3.

419 4350 494 4405 llum
511 4349 551 4404 18.
565 4378 592 4388 -
614 4351 623 4384 ¹
636 4351 727 4403 mariti
743 4351 811 4404 4.-
824 4351 835 4383 1
848 4350 958 4415 (v.s.)s.
977 4351 1038 4403 rat.
1051 4349 1161 4414 -1(Α.
1174 4349 1201 4415 l.)
1214 4351 1231 4404 l.
1245 4350 1276 4402 Α.
1296 4351 1320 4413 3,
1337 4353 1361 4403 4.
1380 4380 1409 4387 -
1421 4351 1435 4384 1
1447 4352 1536 4404 amori
1548 4353 1572 4406 4.
1586 4382 1616 4389 -

387 4434 398 4468 1
413 4433 562 4487 intentione
573 4433 597 4486 3.
607 4462 638 4469 —
648 4433 659 4466 1
668 4433 728 4499 ejus
738 4435 762 4486 3.
775 4464 807 4471 -
819 4432 830 4465 ¹
844 4431 871 4485 in
883 4432 899 4485 1.
911 4433 976 4485 3.-
988 4432 1001 4465 ⁸
1007 4450 1151 4500 perperam
1165 4450 1234 4486 corr.
1247 4433 1346 4485 Amato
1355 4434 1379 4486 3.
1391 4462 1420 4471 —
1429 4434 1478 4500 ⁹(c.
1489 4435 1527 4500 et)
1540 4435 1615 4488 cleri·

387 4533 481 4570 corum
491 4517 522 4579 3;
534 4514 677 4568 clericatus
688 4516 712 4567 4.
727 4542 760 4553 -
769 4515 793 4549 ¹⁰
807 4514 925 4568 diaconii
939 4516 964 4579 D,
981 4515 1051 4567 3.-
1064 4515 1085 4548 ¹¹
1103 4515 1236 4568 deductus
1253 4515 1276 4568 2.
1289 4545 1321 4552 —
1336 4515 1357 4548 11
1369 4516 1502 4570 reditibus
1513 4518 1567 4570 3-4.
1583 4546 1615 4556 —·

388 4600 411 4633 11
422 4598 474 4652 sibi
485 4599 509 4651 3.
520 4627 552 4634 -
562 4599 585 4631 11
596 4598 722 4651 relictum
734 4596 866 4667 praedium
876 4601 939 4651 odd.
948 4598 972 4651 3.
983 4627 1014 4635 -
1028 4597 1051 4631 11
1059 4598 1101 4660 (Ι).
1113 4598 1146 4662 c.)
1159 4614 1181 4650 c.
1190 4598 1221 4650 D.
1231 4598 1254 4651 3.

419 4679 492 4734 llam
511 4678 551 4734 13.
568 4706 600 4719 -
615 4681 622 4713 ¹
635 4679 669 4746 (c.
679 4685 716 4747 u)
729 4695 754 4733 u.
767 4697 789 4734 c.
798 4681 821 4734 3.
831 4708 861 4718 -
875 4679 887 4714 ¹
898 4679 1041 4734 llauronto
1053 4680 1077 4733 3.
1087 4711 1118 4719 -
1130 4680 1143 4714 ⁸
1154 4680 1288 4734 deducere
1299 4680 1323 4734 3.
1334 4707 1366 4719 -
1376 4680 1389 4715 1
1401 4697 1433 4734 ac
1442 4681 1493 4735 34.
