3270 5400
240 354 333 407 BIBL.
352 354 433 407 REG.
452 356 624 409 BHUXELL.
643 379 690 389 -
708 356 857 409 APPEND.
875 358 921 408 AD
939 357 1018 411 COD.
1037 346 1075 409 N⁰
1091 356 1216 410 sisi-38.
1272 336 1343 411 355

177 541 254 612 Opus
265 543 317 597 luit
328 544 470 599 mirabile:
794 547 1141 602 Hinerevereusadaltare

178 633 232 688 Ale
240 634 343 688 fallitur
355 636 454 705 aquilae
795 638 877 692 Stans
885 638 1022 692 etdebeus
1034 638 1180 702 celebrare,

213 723 296 778 Prece
306 724 357 778 viri
370 726 470 779 saucia.
636 740 640 745 ·
685 727 687 730 ⁴
796 727 925 780 Dextram
940 727 1006 781 vidit
1017 743 1177 782 consecrare

830 817 1014 871 Gubernantis
1026 818 1127 872 omnia.

181 904 204 959 0
215 922 302 974 quam
310 923 380 975 pura
388 937 414 946 -
429 907 554 976 genitura

182 995 426 1059 initiae-lesu
439 997 554 1062 Christe,
796 998 912 1052 Clausus
923 999 1035 1052 tandem
1045 998 1074 1052 in
1083 1000 1190 1054 tumulo

213 1086 282 1141 vitae
294 1087 385 1142 vitans
397 1089 490 1142 devia!
797 1088 922 1156 Quantus
934 1089 985 1143 fuit
994 1089 1023 1143 in
1031 1090 1123 1144 seculo

798 1180 868 1234 Caro
880 1181 979 1249 probat
991 1181 1133 1245 miraculo,

185 1267 213 1321 ln
224 1268 276 1322 hac
289 1268 386 1323 vita-
399 1269 466 1325 uixit
478 1270 533 1325 ile:
830 1270 899 1324 Vitae
911 1270 962 1326 viri
972 1272 1090 1325 conseia.

186 1358 324 1428 Nusquam
331 1360 464 1414 lentus-
482 1367 524 1415 est
531 1361 659 1415 inventus

216 1450 256 1504 Ad
266 1451 317 1505 Dei
326 1451 445 1506 servitia.
798 1451 879 1518 Quod
890 1469 952 1506 cum
964 1452 1037 1506 mele
1049 1453 1104 1506 dux
1116 1458 1260 1521 scrutetur,

799 1544 870 1597 Dum
883 1543 1013 1612 superbit,
1026 1543 1092 1597 dum
1105 1543 1224 1609 inflatur,

185 1631 567 1700 Venasperneus-etlevia,
799 1634 886 1689 Morte
894 1633 966 1702 turpi
975 1633 1190 1698 condemnatur;

188 1721 569 1787 ViamteuenS,-nondevia
799 1724 1095 1792 SieaDeocastigatur

187 1814 215 1866 lu
227 1813 312 1876 invio,
320 1829 376 1866 non
389 1813 417 1866 in
429 1813 474 1867 via
834 1813 960 1866 Furentis
971 1813 1086 1867 insania.

216 1904 292 1958 Fecit
303 1904 452 1958 domicilia.

800 1994 972 2050 Confessoris
982 1994 1079 2059 oratio,

186 2083 302 2138 Romam
316 2085 419 2138 vadens
430 2102 486 2140 non
499 2091 622 2140 moratur
627 2106 634 2151 ;
799 2087 883 2155 Cujus
893 2086 944 2140 fuit
956 2086 1014 2139 haee
1026 2085 1104 2150 ultio,

186 2175 343 2229 Revertenti
355 2181 534 2244 praesentatur
800 2178 856 2232 Nos
867 2181 1026 2231 sanctorum
1038 2177 1178 2231 consortio

187 2267 316 2335 Quaedam
329 2284 480 2337 uncaque
491 2274 604 2324 sanatur
801 2268 1180 2339 lungat.Amenhaeeeoneio

217 2359 301 2413 Prece
310 2359 377 2427 justi
390 2360 500 2428 previa.
833 2360 917 2414 Sonet
926 2376 988 2413 cum
999 2359 1093 2414 laetitia
1102 2360 1148 2426 (1).

178 2504 252 2543 vaso.
272 2488 345 2542 Dixit
365 2488 460 2544 Simon
483 2490 580 2544 Petrus
600 2491 635 2544 ad
658 2490 808 2544 Dominum
830 2490 924 2545 lesum
948 2492 1035 2545 :Eece
1056 2508 1106 2545 nos
1126 2491 1296 2558 reliquimus,
1318 2506 1351 2544 er
1433 2542 1435 2546 Α

177 2595 230 2633 sm.

177 2694 354 2732 rmaroamu.
371 2679 498 2744 Posuisti,
515 2680 640 2734 Domine.

177 2774 217 2832 td
237 2775 390 2834 secreta.
412 2778 517 2831 Nostrae
534 2778 681 2847 fragilitati,
694 2778 883 2847 potentissime
896 2779 1032 2832 mediator
1046 2779 1127 2842 Deus,
1140 2795 1221 2848 opem
1235 2780 1352 2834 conferri

177 2874 301 2936 oseimus.
310 2880 340 2927 ut
349 2875 421 2928 illius
432 2880 531 2928 nostrie
544 2875 741 2929 immolationis
753 2875 844 2928 hostia
856 2874 1011 2930 interventu
1028 2874 1077 2929 tibi
1092 2875 1221 2929 reddatur
1232 2881 1352 2945 accepte,

177 2989 198 3027 rs
209 2973 423 3027 sollemnitatem
435 2974 614 3028 celebramus.
627 2974 678 3028 Per
690 2974 849 3028 Dominum.

177 3088 241 3125 ouri.
259 3072 357 3140 lingna
368 3078 409 3125 est
420 3073 506 3140 gloria
518 3074 585 3141 ejus.

177 3169 248 3226 ?08t
269 3180 390 3225 comm.
412 3170 554 3223 Salrandae
567 3169 763 3223 recordationis
775 3169 894 3224 victimis
911 3168 1069 3232 immolatis,
1082 3169 1156 3223 beati
1172 3169 1270 3224 ludoci
1287 3186 1353 3224 eou-

177 3269 232 3321 oris
250 3266 291 3321 tui
310 3267 460 3336 gaudentes
480 3267 612 3320 iuteresse
636 3266 821 3330 sollemnitati,
840 3270 876 3329 te,
900 3266 1025 3332 Domine,
1049 3281 1204 3331 exoramus,
1225 3270 1256 3319 ut
1274 3267 1354 3335 eujus

177 3366 272 3420 stimus
283 3366 410 3431 seruitiis,
422 3365 583 3419 meritorum
595 3381 704 3434 semper
715 3365 767 3434 piis
779 3366 942 3432 adjuvemur
954 3364 1071 3419 auxiliis.
1080 3365 1134 3419 Per
1146 3365 1303 3420 Dominum.

177 3465 221 3519 [uc
242 3481 308 3519 susr
329 3482 411 3518 rrsm
433 3480 512 3517 nean
535 3463 643 3526 lunoc1;
666 3479 769 3517 emuna
792 3479 818 3515 m
842 3478 886 3517 mr
908 3463 933 3517 S.
954 3462 1093 3517 Barsine
1119 3479 1258 3526 urosrom,
1283 3478 1354 3528 ouon

177 3581 254 3618 sauir
265 3581 352 3617 ussus
369 3564 472 3617 Doursr
490 3579 573 3615 susan
589 3578 642 3615 eurr
659 3578 835 3623 versunam
847 3578 985 3616 sucumuu
997 3579 1100 3616 rrsruu
1114 3579 1282 3616 ruvsnrmurs
1294 3578 1354 3617 saus

180 3680 221 3717 mr
248 3663 347 3716 Suscrr
371 3664 468 3717 laconi
493 3677 604 3715 ursonis
630 3677 770 3724 urosroam
794 3677 909 3714 rrnrruu
933 3678 1035 3715 rrsruu
1061 3678 1268 3716 rnausmmoms
1294 3678 1354 3718 rsus

177 3779 225 3816 rna
243 3779 285 3815 ors
305 3761 415 3815 Cariam
436 3777 527 3825 ruem
546 3776 674 3826 ouusruu
701 3776 758 3813 uras
781 3777 878 3813 omres
900 3777 960 3814 rsus
984 3776 1044 3815 nso
1068 3777 1111 3814 mr
1133 3776 1241 3815 sineru
1263 3761 1354 3816 Lucre

177 3876 238 3914 rurs
258 3876 291 3913 er
309 3874 452 3913 usarrms.

506 3986 587 4045 Ant.
609 3986 654 4044 de
674 3985 801 4044 senem
821 3986 970 4045 uudoeo.

177 4112 309 4182 lagnifleat
322 4112 451 4166 nobilitas
566 4111 658 4166 Mundi
670 4115 890 4180 contemptorem
977 4110 1008 4164 ln
1020 4127 1083 4179 qua,
1095 4115 1240 4180 prestante
1252 4111 1319 4176 Deo,

177 4205 290 4259 udoeum
303 4204 498 4266 consessorem,
564 4202 704 4257 Glorilieat
715 4202 853 4256 aeternitas
978 4201 1227 4256 Exsultemuscum
1240 4219 1273 4257 eo

177 4294 293 4350 iarifloat
303 4295 447 4349 humilitas
566 4293 615 4348 Dei
624 4296 777 4347 amatorem
977 4292 1008 4346 In
1020 4293 1133 4347 salutari
1145 4298 1248 4348 nostro.

176 4461 196 4519 ll
207 4460 284 4514 Hanc
297 4457 471 4528 sequentiam
481 4458 540 4526 jam
552 4455 695 4510 ediderunt
706 4455 795 4519 lione,
807 4456 979 4509 Lateinieelie
990 4457 1117 4523 Hymnea
1128 4457 1174 4510 dee
1185 4458 1356 4514 Mitteloltere

177 4543 297 4609 'sd-1855),
310 4541 403 4606 Morel,
413 4541 718 4606 Laleiniscliellpmnen
729 4540 775 4592 des
787 4540 958 4592 Mitteloltere
969 4536 1064 4603 (1868),
1077 4537 1181 4603 Daniel,
1197 4540 1356 4597 maurus

177 4620 1323 4693 ηηοὶορίεαε(18414856),Κεὴτείη,ὒαέείηἰεοὴεδεςιιωιτοηἄιεΜίἰέιὶαῑεονεϋὸῊ).
