3270 5400
298 301 371 376 248
635 324 761 376 caran.
787 325 891 377 conn.
917 325 1196 378 aaarouaarurc.

297 530 378 569 suum
390 514 492 568 adeant
503 518 538 577 et,
549 514 616 582 qnid
624 515 664 568 cis
675 516 711 568 sit
719 516 863 583 agendum,
875 515 1025 584 requirunt
1038 514 1086 569 ille
1102 531 1168 568 vero
1179 514 1398 569 misericordiam
1410 515 1461 569 Dei
1474 515 1535 584 pln-

297 614 398 668 rimnm
410 614 500 667 valere
513 615 541 668 in
553 612 653 667 talibus
674 614 821 682 respondit.
838 619 1053 683 sanctorumque
1065 614 1198 667 auxilium
1211 615 1409 683 expetendum
1425 620 1455 667 et
1466 615 1536 684 quia

299 713 408 767 beatum
430 711 589 781 Gregorinm
609 712 638 766 in
657 713 701 765 his
719 712 859 766 efficacem
878 713 1032 775 audierant,
1052 728 1115 765 enm
1134 712 1292 766 adeundum
1309 716 1471 780 praemonet.
1489 713 1536 767 Illi

298 828 364 867 vero
373 829 435 866 cnm
447 811 574 865 irrisione
586 812 752 880 respondent
763 811 953 879 presbyterum
966 812 1053 880 magis
1062 812 1182 880 gaudere
1193 812 1227 864 de
1236 817 1327 865 morte
1336 828 1418 881 quam
1430 813 1537 866 devita

297 905 473 980 superstitum
492 908 529 961 ob
546 908 612 961 lucri
632 908 820 962 commodum.
837 908 917 960 Peste
935 907 1017 977 igitur
1034 908 1150 962 nimium
1169 909 1372 972 exardescente,
1384 909 1487 962 iterum
1507 914 1567 969 ets

297 1009 396 1063 iterum
408 1024 425 1060 a
436 1007 595 1076 presbytero
605 1023 654 1059 sno
667 1023 750 1074 super
763 1006 816 1059 hoc
833 1005 975 1065 admoniti.
989 1005 1100 1060 tandem
1118 1007 1297 1075 acquiescunt
1309 1011 1344 1067 ct,
1357 1010 1387 1059 ut
1399 1006 1445 1060 die
1457 1011 1536 1059 certa

298 1108 409 1162 beatum
417 1107 577 1176 Gregorium
585 1104 986 1172 adeantstatnuntdgiturcnm
994 1105 1140 1158 deuotione
1148 1104 1446 1175 mentiislpresbytero
1454 1106 1535 1167 duce,

297 1212 401 1261 statuta
411 1207 456 1259 die
468 1207 568 1260 milites
581 1206 652 1259 riliae
664 1222 728 1258 cum
740 1204 873 1258 matronis
891 1209 919 1258 et
937 1205 1035 1258 ceteris
1047 1204 1061 1235 *
1072 1205 1223 1273 promiscui
1235 1221 1317 1258 sexus
1328 1205 1534 1259 monasterium

298 1306 408 1360 adeunt.
420 1306 563 1359 Praemissa
575 1305 707 1365 oratione,
720 1304 817 1357 iratres
826 1303 878 1357 loci
887 1307 1054 1366 convocant;
1064 1320 1118 1372 qna
1130 1309 1206 1372 peste
1216 1310 1370 1373 urgeantur,
1380 1301 1535 1373 ex'ponuni.

296 1403 405 1458 Fratres
416 1421 480 1474 ergo
498 1422 546 1458 eos
559 1405 586 1457 in
603 1383 789 1457 misericordia
809 1402 856 1455 Dei
868 1418 978 1470 sperare
996 1403 1146 1456 admonent
1159 1407 1186 1455 et
1198 1404 1309 1457 beatum
1324 1402 1491 1473 Gregorium
1504 1403 1533 1456 in
1553 1414 1584 1464 ro

297 1503 397 1557 tatibus
414 1503 606 1557 invocandum.
619 1502 718 1556 Postea
733 1501 835 1569 scypho
848 1499 920 1552 beati
934 1499 1017 1553 aliato
1030 1505 1058 1553 et
1075 1515 1158 1569 super
1176 1501 1262 1554 altare
1279 1501 1378 1569 posito,
1392 1501 1490 1554 vinum
1506 1501 1535 1554 in

296 1601 400 1670 scypho
412 1603 530 1670 ponitur.
543 1601 584 1654 Ad
597 1617 678 1670 quem
692 1616 754 1654 cum
768 1598 955 1652 oblationibus
964 1605 991 1652 et
1007 1600 1153 1653 devotione
1166 1600 1255 1653 cordis
1268 1599 1411 1664 accedunt,
1425 1598 1535 1661 bibunt,

295 1701 354 1755 Deo
366 1706 515 1770 sanctoque
528 1700 658 1768 Gregorio
671 1699 896 1753 commendantes
913 1714 951 1763 se,
964 1699 992 1752 in
1012 1699 1201 1752 misericordia
1213 1699 1262 1752 Dei
1274 1701 1424 1766 sperantes,
1436 1712 1536 1751 secum

293 1817 329 1865 ,ex
338 1801 442 1869 scypho
452 1799 535 1853 allata
544 1815 615 1868 aqua
627 1799 751 1860 redeunt,
763 1803 846 1866 atque
863 1814 965 1865 aquam
979 1814 1028 1867 per
1039 1799 1137 1852 domos
1150 1804 1178 1852 et
1193 1815 1257 1851 rura
1269 1802 1400 1867 spargunt
1409 1813 1443 1851 ac
1455 1797 1534 1851 dein·

296 1916 359 1969 oeps
370 1899 453 1969 pestis
464 1899 576 1969 quievit.
586 1899 645 1952 Hoc
658 1903 754 1951 notum
765 1897 904 1951 omnibns.
1555 1909 1587 1960 aa

499 2282 652 2370 GXXX.
680 2282 808 2370 (lodex
832 2287 1018 2394 signatus
1044 2304 1088 2370 n⁰
1116 2284 1321 2375 8721-28.

326 2487 463 2542 Foliorum
484 2502 556 2540 nunc
576 2487 630 2545 127.
649 2503 714 2540 nam
733 2487 846 2540 mutilus
864 2491 914 2553 est,
932 2488 1028 2541 iormae
1046 2487 1160 2542 minoris
1178 2489 1283 2556 (Offlffli
1298 2489 1432 2556 ><0,134),
1451 2488 1536 2544 lineis

292 2587 380 2657 plenis
391 2586 461 2655 stylo
475 2587 562 2639 terreo
575 2585 662 2639 ductis
675 2586 793 2640 maxima
807 2602 873 2640 cura
890 2602 945 2640 una
964 2603 1049 2641 manu
1067 2592 1195 2641 exaratus
1211 2586 1304 2640 seculo
1316 2586 1377 2641 ΧΠ.
1394 2587 1483 2641 Tituli
1504 2605 1538 2643 ac

292 2686 389 2740 litterae
407 2687 526 2754 majores
542 2686 627 2739 minio
646 2686 781 2754 descripta
792 2691 867 2740 sunt.
884 2686 962 2754 Saepe
974 2689 1067 2739 tamen
1081 2686 1108 2739 in
1122 2686 1265 2740 titulorum
1283 2686 1400 2739 vocibus
1412 2688 1537 2743 minium

292 2801 324 2839 ac
334 2785 427 2840 viridis
438 2766 514 2839 color
527 2786 599 2839 vices
612 2785 725 2838 uariant.
734 2784 854 2850 Subinde
865 2784 956 2838 littera
966 2785 1090 2838 Vitarum
1101 2784 1220 2848 initialis,
1230 2784 1307 2839 vario
1316 2785 1411 2839 colore
1423 2791 1534 2842 staura

292 2885 411 2955 insignis,
423 2884 594 2953 phantastica
606 2884 757 2937 animantia
776 2889 961 2953 repraesentat.
974 2913 1006 2922 —
1025 2884 1102 2937 Folio
1122 2884 1166 2937 21¹
1182 2885 1221 2938 sic
1238 2884 1354 2953 legitur:
1368 2886 1536 2954 sequoretur

286 2987 396 3054 papias
405 2987 464 3038 dua
476 2987 504 3037 ia
516 2987 600 3051 specie
608 2991 705 3037 sancta
718 2985 814 3037 Crucis
825 2985 900 3037 ediis
909 2985 946 3036 ad
955 2986 1104 3049 pluriosum
1113 3001 1201 3049 repara
1214 2985 1358 3037 Korolum.

325 3085 357 3136 Ia
367 3087 460 3151 prima
470 3087 573 3150 popina
586 3085 696 3151 (nempe
709 3082 754 3136 fol.
763 3083 820 3147 pp)
832 3085 1001 3151 principales
1012 3100 1106 3136 versus
1118 3084 1228 3137 aunthi.

444 3199 454 3251 i
489 3197 602 3266 accipe,
625 3197 713 3262 Raris,
742 3213 837 3266 precor
866 3210 991 3250 carmen
1037 3196 1138 3265 pictate
1182 3209 1313 3275 serena:

431 3299 455 3351 11
489 3304 613 3351 aeterno
653 3296 801 3349 commissa
837 3295 927 3348 levas
955 3295 1142 3349 moderamine
1170 3300 1299 3364 sceptra,

416 3398 452 3451 ΙΙΙ
489 3412 583 3450 aurea
622 3396 695 3449 secla
733 3411 838 3448 novans
872 3399 942 3447 tam
962 3410 1040 3448 sacra
1060 3411 1158 3448 ornare
1176 3408 1300 3449 corona.

403 3496 452 3549 1111
488 3495 600 3564 accipe,
628 3494 717 3557 Karle,
745 3476 842 3562 precor
873 3492 996 3546 laudem
1021 3498 1146 3546 currente
1164 3507 1301 3559 camena,

430 3594 452 3646 V
488 3610 578 3648 arma
600 3599 696 3647 tenens
719 3597 746 3646 et
766 3593 843 3661 signo
863 3605 976 3660 parans
1016 3591 1139 3645 bonitate
1181 3606 1309 3656 serenan

81 3698 163 3754 *cort
175 3698 248 3753 talia.
419 3695 454 3748 vl
489 3693 619 3762 amplius
653 3709 721 3762 auge
755 3691 845 3761 operis
872 3691 1004 3754 landem,
1028 3696 1156 3759 poscente
1180 3690 1323 3745 Thalia!

324 3831 357 3882 Ia
369 3830 485 3882 serrendo
495 3829 597 3894 popina
610 3827 720 3893 (nempe
733 3825 778 3878 sol.
788 3826 840 3890 22¹)
854 3840 946 3878 uersus
958 3826 1055 3892 scripti
1066 3831 1130 3877 sunt
1140 3825 1178 3877 hi.

443 3942 453 3994 1
488 3942 581 4005 salve,
614 3945 704 3993 rector
738 3955 831 4001 ovans,
865 3942 989 3991 aeterno
1032 3953 1146 3991 munere
1191 3937 1306 4002 fretum
1340 3938 1367 3992 11

417 4042 454 4094 111
488 4040 582 4099 salve,
615 4056 695 4092 carus
728 4054 815 4102 amor,
849 4043 963 4092 aterna
1006 4036 1088 4091 laude
1130 4051 1297 4101 coruscans,
1339 4038 1393 4093 1111

431 4141 452 4193 V
487 4140 607 4201 sumito,
632 4155 687 4202 rex,
711 4138 805 4191 laudes
828 4142 856 4190 et
883 4136 1012 4191 metrica
1057 4141 1122 4190 vota
1166 4135 1302 4201 niuniu
1336 4136 1376 4192 Vi

405 4240 452 4293 Vll
487 4240 593 4307 excipe
648 4238 797 4291 clementer
852 4236 1003 4290 famulum
1037 4235 1155 4304 pietatis,
1189 4235 1299 4301 amice,

396 4338 454 4391 vul
488 4343 528 4391 et
562 4338 686 4390 dextram
720 4334 853 4389 miserans
883 4334 994 4388 miloni
1039 4335 1156 4403 porrige,
1201 4333 1301 4390 Cario.

323 4485 379 4538 h‘oi.
391 4488 437 4539 pp·
450 4492 476 4539 et
493 4488 536 4539 ‘hb
554 4485 637 4538 iidem
655 4499 751 4537 versus
768 4488 796 4536 et
817 4481 864 4535 alii
884 4486 942 4535 arte
960 4480 1099 4550 scriptoris
1121 4482 1160 4535 ita
1180 4482 1365 4552 disponuntur
1383 4489 1416 4538 ut
1435 4486 1540 4543 littam

291 4585 436 4639 crassiores
449 4586 594 4638 chomicnt
609 4583 751 4653 ‘speciem
762 4586 864 4636 sanctae
878 4579 980 4634 Crucis.
992 4622 1002 4645 ,,

323 4683 434 4752 Signum
449 4684 535 4736 musci
552 4682 722 4737 Bollandiani
739 4664 790 4765 ᾖ
803 4667 858 4738 MS
875 4681 908 4733 85
927 4681 1060 4749 reperitur
1077 4680 1122 4734 iol.
1140 4682 1175 4746 3¹,
1193 4680 1221 4734 in
1240 4680 1365 4751 margins
1382 4685 1536 4754 superiori.
