<?xml version="1.0" encoding="UTF-8"?>
<!DOCTYPE html PUBLIC "-//W3C//DTD XHTML 1.0 Transitional//EN"
    "http://www.w3.org/TR/xhtml1/DTD/xhtml1-transitional.dtd">
<html xmlns="http://www.w3.org/1999/xhtml" xml:lang="en" lang="en">
 <head>
  <title>
</title>
<meta http-equiv="Content-Type" content="text/html;charset=utf-8" />
  <meta name='ocr-system' content='tesseract 3.04.00' />
  <meta name='ocr-capabilities' content='ocr_page ocr_carea ocr_par ocr_line ocrx_word'/>
</head>
<body>
  <div class='ocr_page' id='page_1' title='image "./cataloguscodicu00belggoog_0117.png"; bbox 0 0 3270 5400; ppageno 0'>
   <div class='ocr_carea' id='block_1_1' title="bbox 220 331 1120 404">
    <p class='ocr_par' dir='ltr' id='par_1_1' title="bbox 220 331 1120 404">
     <span class='ocr_line' id='line_1_1' title="bbox 220 331 1120 404; baseline -0.001 0"><span class='ocrx_word' id='word_1_1' title='bbox 220 331 270 404; x_wconf 84' lang='lat'><strong>98</strong></span> <span class='ocrx_word' id='word_1_2' title='bbox 556 351 683 404; x_wconf 77' lang='lat' dir='ltr'><strong>cirin.</strong></span> <span class='ocrx_word' id='word_1_3' title='bbox 710 352 815 404; x_wconf 88' lang='lat' dir='ltr'><strong>conn.</strong></span> <span class='ocrx_word' id='word_1_4' title='bbox 839 351 1120 403; x_wconf 78' lang='lat' dir='ltr'><strong>nnorooarrnrc.</strong></span> 
     </span>
    </p>
   </div>
   <div class='ocr_carea' id='block_1_2' title="bbox 467 564 1205 637">
    <p class='ocr_par' dir='ltr' id='par_1_2' title="bbox 467 564 1205 637">
     <span class='ocr_line' id='line_1_2' title="bbox 467 564 1205 637; baseline 0 -13"><span class='ocrx_word' id='word_1_5' title='bbox 467 566 646 637; x_wconf 81' lang='lat' dir='ltr'><strong>Quomodo</strong></span> <span class='ocrx_word' id='word_1_6' title='bbox 666 578 766 637; x_wconf 77' lang='lat' dir='ltr'><strong>pope.</strong></span> <span class='ocrx_word' id='word_1_7' title='bbox 785 564 871 624; x_wconf 76' lang='lat' dir='ltr'><strong>reue</strong></span> <span class='ocrx_word' id='word_1_8' title='bbox 890 576 972 623; x_wconf 88' lang='lat' dir='ltr'><strong>eum</strong></span> <span class='ocrx_word' id='word_1_9' title='bbox 990 564 1205 637; x_wconf 81' lang='lat' dir='ltr'><strong>episcopum.</strong></span> 
     </span>
    </p>
   </div>
   <div class='ocr_carea' id='block_1_3' title="bbox 221 755 1450 925">
    <p class='ocr_par' dir='ltr' id='par_1_3' title="bbox 221 755 1450 925">
     <span class='ocr_line' id='line_1_3' title="bbox 262 755 1450 827; baseline -0.003 -14"><span class='ocrx_word' id='word_1_10' title='bbox 262 756 296 813; x_wconf 69' lang='lat'><strong>4„</strong></span> <span class='ocrx_word' id='word_1_11' title='bbox 318 759 352 812; x_wconf 82' lang='lat' dir='ltr'><strong>Et</strong></span> <span class='ocrx_word' id='word_1_12' title='bbox 363 757 474 810; x_wconf 89' lang='lat' dir='ltr'><strong>tandem</strong></span> <span class='ocrx_word' id='word_1_13' title='bbox 487 773 557 825; x_wconf 85' lang='lat' dir='ltr'><strong>papa</strong></span> <span class='ocrx_word' id='word_1_14' title='bbox 568 756 722 813; x_wconf 75' lang='lat' dir='ltr'><strong>Albertum.</strong></span> <span class='ocrx_word' id='word_1_15' title='bbox 738 756 802 809; x_wconf 89' lang='lat' dir='ltr'><strong>licet</strong></span> <span class='ocrx_word' id='word_1_16' title='bbox 819 756 934 809; x_wconf 85' lang='lat' dir='ltr'><strong>inritum</strong></span> <span class='ocrx_word' id='word_1_17' title='bbox 953 761 981 808; x_wconf 79' lang='lat' dir='ltr'><strong>et</strong></span> <span class='ocrx_word' id='word_1_18' title='bbox 997 755 1170 819; x_wconf 76' lang='lat' dir='ltr'>renitentem,</span> <span class='ocrx_word' id='word_1_19' title='bbox 1186 755 1309 811; x_wconf 74' lang='lat' dir='ltr'><strong>ecclesiae</strong></span> <span class='ocrx_word' id='word_1_20' title='bbox 1328 757 1450 827; x_wconf 83' lang='lat' dir='ltr'><strong>Ratispo-</strong></span> 
     </span>
     <span class='ocr_line' id='line_1_4' title="bbox 221 852 885 925; baseline -0.006 -16"><span class='ocrx_word' id='word_1_21' title='bbox 221 856 300 910; x_wconf 89' lang='lat' dir='ltr'><strong>nensi</strong></span> <span class='ocrx_word' id='word_1_22' title='bbox 312 855 432 925; x_wconf 76' lang='lat' dir='ltr'><strong>pracfecit</strong></span> <span class='ocrx_word' id='word_1_23' title='bbox 441 855 470 908; x_wconf 93' lang='lat' dir='ltr'><strong>in</strong></span> <span class='ocrx_word' id='word_1_24' title='bbox 481 855 641 923; x_wconf 88' lang='lat' dir='ltr'><strong>episcopum</strong></span> <span class='ocrx_word' id='word_1_25' title='bbox 653 858 680 907; x_wconf 92' lang='lat' dir='ltr'><strong>et</strong></span> <span class='ocrx_word' id='word_1_26' title='bbox 689 858 826 922; x_wconf 80' lang='lat' dir='ltr'><strong>pastorem</strong></span> <span class='ocrx_word' id='word_1_27' title='bbox 838 852 885 917; x_wconf 86' lang='lat' dir='ltr'><strong>(l).</strong></span> 
     </span>
    </p>
   </div>
   <div class='ocr_carea' id='block_1_4' title="bbox 535 1051 1136 1128">
    <p class='ocr_par' dir='ltr' id='par_1_4' title="bbox 535 1051 1136 1128">
     <span class='ocr_line' id='line_1_5' title="bbox 535 1051 1136 1128; baseline -0.005 -12"><span class='ocrx_word' id='word_1_28' title='bbox 535 1057 636 1128; x_wconf 81' lang='lat' dir='ltr'><strong>Quod</strong></span> <span class='ocrx_word' id='word_1_29' title='bbox 657 1054 901 1128; x_wconf 65' lang='lat' dir='ltr'><strong>episcopatum</strong></span> <span class='ocrx_word' id='word_1_30' title='bbox 921 1051 1136 1126; x_wconf 61' lang='lat' dir='ltr'><strong>muravit.</strong></span> 
     </span>
    </p>
   </div>
   <div class='ocr_carea' id='block_1_5' title="bbox 219 1244 1449 1413">
    <p class='ocr_par' dir='ltr' id='par_1_5' title="bbox 219 1244 1449 1413">
     <span class='ocr_line' id='line_1_6' title="bbox 260 1244 1449 1314; baseline 0.001 -13"><span class='ocrx_word' id='word_1_31' title='bbox 260 1244 293 1301; x_wconf 80' lang='lat'><strong>5.</strong></span> <span class='ocrx_word' id='word_1_32' title='bbox 315 1245 367 1299; x_wconf 86' lang='lat' dir='ltr'><strong>Sed</strong></span> <span class='ocrx_word' id='word_1_33' title='bbox 378 1252 524 1314; x_wconf 73' lang='lat' dir='ltr'><strong>postquam</strong></span> <span class='ocrx_word' id='word_1_34' title='bbox 534 1261 582 1313; x_wconf 89' lang='lat' dir='ltr'><strong>per</strong></span> <span class='ocrx_word' id='word_1_35' title='bbox 591 1244 683 1312; x_wconf 88' lang='lat' dir='ltr'><strong>aliqua</strong></span> <span class='ocrx_word' id='word_1_36' title='bbox 692 1249 816 1314; x_wconf 90' lang='lat' dir='ltr'><strong>tempora</strong></span> <span class='ocrx_word' id='word_1_37' title='bbox 825 1245 926 1299; x_wconf 84' lang='lat' dir='ltr'><strong>dictam</strong></span> <span class='ocrx_word' id='word_1_38' title='bbox 936 1245 1083 1299; x_wconf 86' lang='lat' dir='ltr'><strong>Eoclesiam</strong></span> <span class='ocrx_word' id='word_1_39' title='bbox 1094 1246 1270 1300; x_wconf 88' lang='lat' dir='ltr'><strong>landabiliter</strong></span> <span class='ocrx_word' id='word_1_40' title='bbox 1279 1247 1360 1311; x_wconf 86' lang='lat' dir='ltr'><strong>rexit,</strong></span> <span class='ocrx_word' id='word_1_41' title='bbox 1370 1249 1449 1302; x_wconf 74' lang='lat' dir='ltr'><strong>taedio</strong></span> 
     </span>
     <span class='ocr_line' id='line_1_7' title="bbox 219 1342 1376 1413; baseline 0.003 -16"><span class='ocrx_word' id='word_1_42' title='bbox 219 1343 342 1407; x_wconf 77' lang='lat' dir='ltr'><strong>aflectus,</strong></span> <span class='ocrx_word' id='word_1_43' title='bbox 353 1344 388 1397; x_wconf 90' lang='lat' dir='ltr'><strong>de</strong></span> <span class='ocrx_word' id='word_1_44' title='bbox 399 1342 507 1396; x_wconf 87' lang='lat' dir='ltr'><strong>licentia</strong></span> <span class='ocrx_word' id='word_1_45' title='bbox 521 1344 621 1396; x_wconf 88' lang='lat' dir='ltr'><strong>summi</strong></span> <span class='ocrx_word' id='word_1_46' title='bbox 633 1342 770 1410; x_wconf 91' lang='lat' dir='ltr'><strong>pontilicis</strong></span> <span class='ocrx_word' id='word_1_47' title='bbox 782 1342 895 1396; x_wconf 87' lang='lat' dir='ltr'><strong>dimisso</strong></span> <span class='ocrx_word' id='word_1_48' title='bbox 904 1344 1070 1413; x_wconf 88' lang='lat' dir='ltr'><strong>episcopatu,</strong></span> <span class='ocrx_word' id='word_1_49' title='bbox 1079 1344 1203 1398; x_wconf 88' lang='lat' dir='ltr'><strong>rediitad</strong></span> <span class='ocrx_word' id='word_1_50' title='bbox 1215 1343 1376 1400; x_wconf 84' lang='lat' dir='ltr'><strong>claustrum.</strong></span> 
     </span>
    </p>
   </div>
   <div class='ocr_carea' id='block_1_6' title="bbox 319 1544 1348 1618">
    <p class='ocr_par' dir='ltr' id='par_1_6' title="bbox 319 1544 1348 1618">
     <span class='ocr_line' id='line_1_8' title="bbox 319 1544 1348 1618; baseline 0.002 -13"><span class='ocrx_word' id='word_1_51' title='bbox 319 1546 420 1618; x_wconf 82' lang='lat' dir='ltr'><strong>Quod</strong></span> <span class='ocrx_word' id='word_1_52' title='bbox 440 1545 576 1604; x_wconf 80' lang='lat' dir='ltr'><strong>Pontus</strong></span> <span class='ocrx_word' id='word_1_53' title='bbox 596 1546 782 1616; x_wconf 77' lang='lat' dir='ltr'><strong>spostolus</strong></span> <span class='ocrx_word' id='word_1_54' title='bbox 803 1556 883 1603; x_wconf 86' lang='lat' dir='ltr'><strong>enm</strong></span> <span class='ocrx_word' id='word_1_55' title='bbox 904 1546 954 1605; x_wconf 82' lang='lat' dir='ltr'><strong>od</strong></span> <span class='ocrx_word' id='word_1_56' title='bbox 974 1544 1132 1605; x_wconf 83' lang='lat' dir='ltr'><strong>studium</strong></span> <span class='ocrx_word' id='word_1_57' title='bbox 1153 1546 1348 1607; x_wconf 74' lang='lat' dir='ltr'><strong>ammovit.</strong></span> 
     </span>
    </p>
   </div>
   <div class='ocr_carea' id='block_1_7' title="bbox 13 1736 1449 2201">
    <p class='ocr_par' dir='ltr' id='par_1_7' title="bbox 13 1736 1449 2103">
     <span class='ocr_line' id='line_1_9' title="bbox 259 1736 1448 1807; baseline 0.001 -13"><span class='ocrx_word' id='word_1_58' title='bbox 259 1736 293 1795; x_wconf 79' lang='lat'><strong>6.</strong></span> <span class='ocrx_word' id='word_1_59' title='bbox 314 1738 364 1792; x_wconf 91' lang='lat' dir='ltr'><strong>Hic</strong></span> <span class='ocrx_word' id='word_1_60' title='bbox 373 1740 469 1792; x_wconf 88' lang='lat' dir='ltr'><strong>doctor</strong></span> <span class='ocrx_word' id='word_1_61' title='bbox 480 1754 542 1791; x_wconf 89' lang='lat' dir='ltr'><strong>cnm</strong></span> <span class='ocrx_word' id='word_1_62' title='bbox 558 1742 707 1805; x_wconf 84' lang='lat' dir='ltr'><strong>exponeret</strong></span> <span class='ocrx_word' id='word_1_63' title='bbox 723 1736 809 1790; x_wconf 90' lang='lat' dir='ltr'><strong>libros</strong></span> <span class='ocrx_word' id='word_1_64' title='bbox 826 1737 899 1790; x_wconf 90' lang='lat' dir='ltr'><strong>beati</strong></span> <span class='ocrx_word' id='word_1_65' title='bbox 911 1737 1041 1805; x_wconf 80' lang='lat' dir='ltr'><strong>Dionysii,</strong></span> <span class='ocrx_word' id='word_1_66' title='bbox 1059 1742 1087 1791; x_wconf 90' lang='lat' dir='ltr'><strong>et</strong></span> <span class='ocrx_word' id='word_1_67' title='bbox 1101 1739 1302 1807; x_wconf 82' lang='lat' dir='ltr'><strong>expositionem</strong></span> <span class='ocrx_word' id='word_1_68' title='bbox 1316 1741 1448 1795; x_wconf 90' lang='lat' dir='ltr'><strong>librorum</strong></span> 
     </span>
     <span class='ocr_line' id='line_1_10' title="bbox 54 1831 1448 1920; baseline 0.002 -31"><span class='ocrx_word' id='word_1_69' title='bbox 54 1843 149 1920; x_wconf 24' lang='grc' dir='ltr'><strong>*ωαχ</strong></span> <span class='ocrx_word' id='word_1_70' title='bbox 217 1836 251 1889; x_wconf 93' lang='lat' dir='ltr'><strong>de</strong></span> <span class='ocrx_word' id='word_1_71' title='bbox 268 1835 377 1889; x_wconf 83' lang='lat' dir='ltr'><strong>Coelesti</strong></span> <span class='ocrx_word' id='word_1_72' title='bbox 394 1834 584 1888; x_wconf 78' lang='lat' dir='ltr'><strong>Hierarcbia*</strong></span> <span class='ocrx_word' id='word_1_73' title='bbox 613 1833 707 1887; x_wconf 87' lang='lat' dir='ltr'><strong>multis</strong></span> <span class='ocrx_word' id='word_1_74' title='bbox 730 1833 870 1887; x_wconf 84' lang='lat' dir='ltr'><strong>laboribus</strong></span> <span class='ocrx_word' id='word_1_75' title='bbox 894 1834 1059 1900; x_wconf 80' lang='lat' dir='ltr'><strong>perfecisset,</strong></span> <span class='ocrx_word' id='word_1_76' title='bbox 1085 1851 1230 1903; x_wconf 73' lang='lat' dir='ltr'><strong>aggressus</strong></span> <span class='ocrx_word' id='word_1_77' title='bbox 1253 1831 1393 1905; x_wconf 82' lang='lat' dir='ltr'><strong>exponere</strong></span> <span class='ocrx_word' id='word_1_78' title='bbox 1415 1838 1448 1892; x_wconf 90' lang='lat' dir='ltr'><strong>de</strong></span> 
     </span>
     <span class='ocr_line' id='line_1_11' title="bbox 13 1908 1449 2002; baseline 0.003 -15"><span class='ocrx_word' id='word_1_79' title='bbox 13 1908 176 1963; x_wconf 59' lang='lat' dir='ltr'><strong>ihefmhm·</strong></span> <span class='ocrx_word' id='word_1_80' title='bbox 216 1934 406 1988; x_wconf 67' lang='lat' dir='ltr'><strong>Ecclesiastico</strong></span> <span class='ocrx_word' id='word_1_81' title='bbox 417 1932 585 1995; x_wconf 86' lang='lat' dir='ltr'><strong>Hierarchia,</strong></span> <span class='ocrx_word' id='word_1_82' title='bbox 597 1949 652 2001; x_wconf 84' lang='lat' dir='ltr'><strong>prae</strong></span> <span class='ocrx_word' id='word_1_83' title='bbox 672 1932 774 1985; x_wconf 87' lang='lat' dir='ltr'><strong>laboris</strong></span> <span class='ocrx_word' id='word_1_84' title='bbox 790 1933 979 2001; x_wconf 70' lang='lat' dir='ltr'><strong>magnitudine</strong></span> <span class='ocrx_word' id='word_1_85' title='bbox 999 1933 1078 2001; x_wconf 82' lang='lat' dir='ltr'><strong>quasi</strong></span> <span class='ocrx_word' id='word_1_86' title='bbox 1096 1933 1247 2002; x_wconf 86' lang='lat' dir='ltr'><strong>desperans</strong></span> <span class='ocrx_word' id='word_1_87' title='bbox 1266 1941 1293 1990; x_wconf 92' lang='lat' dir='ltr'><strong>et</strong></span> <span class='ocrx_word' id='word_1_88' title='bbox 1312 1935 1449 1999; x_wconf 76' lang='lat' dir='ltr'><strong>deficiens,</strong></span> 
     </span>
     <span class='ocr_line' id='line_1_12' title="bbox 216 2031 1447 2103; baseline 0.002 -16"><span class='ocrx_word' id='word_1_89' title='bbox 216 2033 252 2086; x_wconf 85' lang='lat' dir='ltr'><strong>ad</strong></span> <span class='ocrx_word' id='word_1_90' title='bbox 264 2033 483 2087; x_wconf 82' lang='lat' dir='ltr'><strong>exhortationem</strong></span> <span class='ocrx_word' id='word_1_91' title='bbox 496 2032 569 2086; x_wconf 87' lang='lat' dir='ltr'><strong>beati</strong></span> <span class='ocrx_word' id='word_1_92' title='bbox 579 2031 656 2086; x_wconf 88' lang='lat' dir='ltr'><strong>Pauli</strong></span> <span class='ocrx_word' id='word_1_93' title='bbox 668 2031 785 2101; x_wconf 88' lang='lat' dir='ltr'><strong>apostoli</strong></span> <span class='ocrx_word' id='word_1_94' title='bbox 798 2048 867 2100; x_wconf 90' lang='lat' dir='ltr'><strong>opus</strong></span> <span class='ocrx_word' id='word_1_95' title='bbox 876 2031 1013 2100; x_wconf 89' lang='lat' dir='ltr'><strong>inceptum</strong></span> <span class='ocrx_word' id='word_1_96' title='bbox 1027 2049 1090 2086; x_wconf 89' lang='lat' dir='ltr'><strong>cum</strong></span> <span class='ocrx_word' id='word_1_97' title='bbox 1103 2033 1156 2086; x_wconf 91' lang='lat' dir='ltr'><strong>Dei</strong></span> <span class='ocrx_word' id='word_1_98' title='bbox 1172 2033 1260 2102; x_wconf 69' lang='lat' dir='ltr'><strong>qratia</strong></span> <span class='ocrx_word' id='word_1_99' title='bbox 1271 2038 1300 2088; x_wconf 91' lang='lat' dir='ltr'><strong>et</strong></span> <span class='ocrx_word' id='word_1_100' title='bbox 1311 2035 1447 2103; x_wconf 86' lang='lat' dir='ltr'><strong>adjutorio</strong></span> 
     </span>
    </p>

    <p class='ocr_par' dir='ltr' id='par_1_8' title="bbox 216 2131 557 2201">
     <span class='ocr_line' id='line_1_13' title="bbox 216 2131 557 2201; baseline -0.003 -16"><span class='ocrx_word' id='word_1_101' title='bbox 216 2131 380 2185; x_wconf 85' lang='lat' dir='ltr'><strong>mirabiliter</strong></span> <span class='ocrx_word' id='word_1_102' title='bbox 390 2131 557 2201; x_wconf 74' lang='lat' dir='ltr'><strong>adimplevit.</strong></span> 
     </span>
    </p>
   </div>
   <div class='ocr_carea' id='block_1_8' title="bbox 235 2333 1423 2408">
    <p class='ocr_par' dir='ltr' id='par_1_9' title="bbox 235 2333 1423 2408">
     <span class='ocr_line' id='line_1_14' title="bbox 235 2333 1423 2408; baseline 0 -13"><span class='ocrx_word' id='word_1_103' title='bbox 235 2336 335 2408; x_wconf 80' lang='lat' dir='ltr'><strong>Quod</strong></span> <span class='ocrx_word' id='word_1_104' title='bbox 355 2335 481 2394; x_wconf 76' lang='lat' dir='ltr'><strong>tuturo</strong></span> <span class='ocrx_word' id='word_1_105' title='bbox 500 2335 602 2407; x_wconf 83' lang='lat' dir='ltr'><strong>prius</strong></span> <span class='ocrx_word' id='word_1_106' title='bbox 618 2333 992 2406; x_wconf 58' lang='lat' dir='ltr'><strong>cognovissemus</strong></span> <span class='ocrx_word' id='word_1_107' title='bbox 1016 2333 1183 2406; x_wconf 83' lang='lat' dir='ltr'><strong>spirltum</strong></span> <span class='ocrx_word' id='word_1_108' title='bbox 1203 2334 1423 2408; x_wconf 73' lang='lat' dir='ltr'><strong>prophetice.</strong></span> 
     </span>
    </p>
   </div>
   <div class='ocr_carea' id='block_1_9' title="bbox 214 2522 1447 2689">
    <p class='ocr_par' dir='ltr' id='par_1_10' title="bbox 214 2522 1447 2689">
     <span class='ocr_line' id='line_1_15' title="bbox 256 2522 1446 2596; baseline -0.003 -13"><span class='ocrx_word' id='word_1_109' title='bbox 256 2526 288 2583; x_wconf 79' lang='lat'><strong>7.</strong></span> <span class='ocrx_word' id='word_1_110' title='bbox 310 2526 340 2581; x_wconf 94' lang='lat' dir='ltr'><strong>ln</strong></span> <span class='ocrx_word' id='word_1_111' title='bbox 356 2525 459 2596; x_wconf 88' lang='lat' dir='ltr'><strong>primis,</strong></span> <span class='ocrx_word' id='word_1_112' title='bbox 471 2530 502 2578; x_wconf 91' lang='lat' dir='ltr'><strong>ut</strong></span> <span class='ocrx_word' id='word_1_113' title='bbox 513 2526 541 2579; x_wconf 94' lang='lat' dir='ltr'><strong>in</strong></span> <span class='ocrx_word' id='word_1_114' title='bbox 552 2525 679 2593; x_wconf 72' lang='lat' dir='ltr'><strong>Legenda</strong></span> <span class='ocrx_word' id='word_1_115' title='bbox 690 2523 762 2577; x_wconf 89' lang='lat' dir='ltr'><strong>beati</strong></span> <span class='ocrx_word' id='word_1_116' title='bbox 776 2523 892 2577; x_wconf 80' lang='lat' dir='ltr'><strong>Thomas</strong></span> <span class='ocrx_word' id='word_1_117' title='bbox 904 2522 986 2577; x_wconf 84' lang='lat' dir='ltr'><strong>latius</strong></span> <span class='ocrx_word' id='word_1_118' title='bbox 998 2524 1163 2587; x_wconf 85' lang='lat' dir='ltr'><strong>continetur,</strong></span> <span class='ocrx_word' id='word_1_119' title='bbox 1174 2540 1236 2578; x_wconf 89' lang='lat' dir='ltr'><strong>oum</strong></span> <span class='ocrx_word' id='word_1_120' title='bbox 1256 2524 1356 2578; x_wconf 86' lang='lat' dir='ltr'><strong>beatus</strong></span> <span class='ocrx_word' id='word_1_121' title='bbox 1373 2525 1446 2580; x_wconf 81' lang='lat' dir='ltr'><strong>Tho·</strong></span> 
     </span>
     <span class='ocr_line' id='line_1_16' title="bbox 214 2619 1447 2689; baseline -0.002 -11"><span class='ocrx_word' id='word_1_122' title='bbox 214 2640 274 2678; x_wconf 82' lang='lat' dir='ltr'><strong>mas</strong></span> <span class='ocrx_word' id='word_1_123' title='bbox 293 2623 415 2678; x_wconf 87' lang='lat' dir='ltr'><strong>studeret</strong></span> <span class='ocrx_word' id='word_1_124' title='bbox 434 2622 486 2675; x_wconf 91' lang='lat' dir='ltr'><strong>sub</strong></span> <span class='ocrx_word' id='word_1_125' title='bbox 506 2620 619 2675; x_wconf 80' lang='lat' dir='ltr'><strong>litberto</strong></span> <span class='ocrx_word' id='word_1_126' title='bbox 637 2621 742 2689; x_wconf 79' lang='lat' dir='ltr'><strong>Magno,</strong></span> <span class='ocrx_word' id='word_1_127' title='bbox 760 2624 864 2673; x_wconf 81' lang='lat' dir='ltr'><strong>tantem</strong></span> <span class='ocrx_word' id='word_1_128' title='bbox 885 2619 1099 2673; x_wconf 82' lang='lat' dir='ltr'><strong>taciturnitatem</strong></span> <span class='ocrx_word' id='word_1_129' title='bbox 1124 2620 1252 2674; x_wconf 82' lang='lat' dir='ltr'><strong>servabat</strong></span> <span class='ocrx_word' id='word_1_130' title='bbox 1270 2620 1298 2675; x_wconf 93' lang='lat' dir='ltr'><strong>in</strong></span> <span class='ocrx_word' id='word_1_131' title='bbox 1317 2621 1447 2675; x_wconf 87' lang='lat' dir='ltr'><strong>omuibus</strong></span> 
     </span>
    </p>
   </div>
   <div class='ocr_carea' id='block_1_10' title="bbox 208 2719 1452 3877">
    <p class='ocr_par' dir='ltr' id='par_1_11' title="bbox 208 2719 1452 3877">
     <span class='ocr_line' id='line_1_17' title="bbox 213 2719 1445 2784; baseline -0.002 -7"><span class='ocrx_word' id='word_1_132' title='bbox 213 2728 324 2777; x_wconf 86' lang='lat' dir='ltr'><strong>sanctus</strong></span> <span class='ocrx_word' id='word_1_133' title='bbox 335 2723 466 2784; x_wconf 82' lang='lat' dir='ltr'><strong>Thomas,</strong></span> <span class='ocrx_word' id='word_1_134' title='bbox 478 2725 509 2776; x_wconf 89' lang='lat' dir='ltr'><strong>nt</strong></span> <span class='ocrx_word' id='word_1_135' title='bbox 523 2723 533 2746; x_wconf 86' lang='lat'><strong>¹</strong></span> <span class='ocrx_word' id='word_1_136' title='bbox 547 2720 598 2774; x_wconf 90' lang='lat' dir='ltr'><strong>bos</strong></span> <span class='ocrx_word' id='word_1_137' title='bbox 616 2726 709 2773; x_wconf 92' lang='lat' dir='ltr'><strong>mutus</strong></span> <span class='ocrx_word' id='word_1_138' title='bbox 728 2761 738 2783; x_wconf 88' lang='lat'><strong>,</strong></span> <span class='ocrx_word' id='word_1_139' title='bbox 754 2736 770 2773; x_wconf 86' lang='lat' dir='ltr'><strong>a</strong></span> <span class='ocrx_word' id='word_1_140' title='bbox 782 2719 880 2772; x_wconf 89' lang='lat' dir='ltr'><strong>ceteris</strong></span> <span class='ocrx_word' id='word_1_141' title='bbox 892 2719 1119 2773; x_wconf 89' lang='lat' dir='ltr'><strong>constudentibus</strong></span> <span class='ocrx_word' id='word_1_142' title='bbox 1130 2719 1275 2774; x_wconf 87' lang='lat' dir='ltr'><strong>diceretur.</strong></span> <span class='ocrx_word' id='word_1_143' title='bbox 1288 2720 1340 2775; x_wconf 90' lang='lat' dir='ltr'><strong>Die</strong></span> <span class='ocrx_word' id='word_1_144' title='bbox 1352 2724 1445 2775; x_wconf 85' lang='lat' dir='ltr'><strong>autem</strong></span> 
     </span>
     <span class='ocr_line' id='line_1_18' title="bbox 212 2818 1446 2891; baseline -0.001 -15"><span class='ocrx_word' id='word_1_145' title='bbox 212 2823 340 2891; x_wconf 88' lang='lat' dir='ltr'><strong>quadam,</strong></span> <span class='ocrx_word' id='word_1_146' title='bbox 352 2838 415 2875; x_wconf 93' lang='lat' dir='ltr'><strong>cum</strong></span> <span class='ocrx_word' id='word_1_147' title='bbox 433 2820 610 2890; x_wconf 86' lang='lat' dir='ltr'><strong>responderet</strong></span> <span class='ocrx_word' id='word_1_148' title='bbox 629 2820 761 2888; x_wconf 78' lang='lat' dir='ltr'><strong>magistro</strong></span> <span class='ocrx_word' id='word_1_149' title='bbox 774 2818 886 2872; x_wconf 83' lang='lat' dir='ltr'><strong>Alberto</strong></span> <span class='ocrx_word' id='word_1_150' title='bbox 899 2819 933 2871; x_wconf 88' lang='lat' dir='ltr'><strong>de</strong></span> <span class='ocrx_word' id='word_1_151' title='bbox 944 2819 1063 2885; x_wconf 85' lang='lat' dir='ltr'><strong>quadam</strong></span> <span class='ocrx_word' id='word_1_152' title='bbox 1076 2818 1179 2872; x_wconf 78' lang='lat' dir='ltr'><strong>difficili</strong></span> <span class='ocrx_word' id='word_1_153' title='bbox 1194 2819 1349 2888; x_wconf 75' lang='lat' dir='ltr'><strong>quaestione</strong></span> <span class='ocrx_word' id='word_1_154' title='bbox 1360 2820 1446 2875; x_wconf 91' lang='lat' dir='ltr'><strong>modo</strong></span> 
     </span>
     <span class='ocr_line' id='line_1_19' title="bbox 212 2917 1450 2990; baseline -0.002 -15"><span class='ocrx_word' id='word_1_155' title='bbox 212 2921 340 2983; x_wconf 83' lang='lat' dir='ltr'><strong>mirabili,</strong></span> <span class='ocrx_word' id='word_1_156' title='bbox 352 2921 380 2976; x_wconf 93' lang='lat' dir='ltr'><strong>iu</strong></span> <span class='ocrx_word' id='word_1_157' title='bbox 398 2919 541 2990; x_wconf 70' lang='lat' dir='ltr'><strong>praesentia</strong></span> <span class='ocrx_word' id='word_1_158' title='bbox 559 2918 682 2972; x_wconf 91' lang='lat' dir='ltr'><strong>omnium</strong></span> <span class='ocrx_word' id='word_1_159' title='bbox 700 2918 861 2987; x_wconf 90' lang='lat' dir='ltr'><strong>prophetico</strong></span> <span class='ocrx_word' id='word_1_160' title='bbox 881 2918 977 2987; x_wconf 87' lang='lat' dir='ltr'><strong>spiritu</strong></span> <span class='ocrx_word' id='word_1_161' title='bbox 995 2917 1123 2970; x_wconf 79' lang='lat' dir='ltr'><strong>Albertus</strong></span> <span class='ocrx_word' id='word_1_162' title='bbox 1142 2917 1226 2971; x_wconf 85' lang='lat' dir='ltr'><strong>dixit:</strong></span> <span class='ocrx_word' id='word_1_163' title='bbox 1245 2919 1303 2973; x_wconf 81' lang='lat' dir='ltr'><strong>Nos</strong></span> <span class='ocrx_word' id='word_1_164' title='bbox 1321 2936 1450 2974; x_wconf 74' lang='lat' dir='ltr'><strong>oocomroe</strong></span> 
     </span>
     <span class='ocr_line' id='line_1_20' title="bbox 212 3018 1450 3089; baseline -0.002 -17"><span class='ocrx_word' id='word_1_165' title='bbox 212 3022 302 3089; x_wconf 77' lang='lat' dir='ltr'><strong>ipsum</strong></span> <span class='ocrx_word' id='word_1_166' title='bbox 314 3022 401 3074; x_wconf 75' lang='lat' dir='ltr'><strong>bovem</strong></span> <span class='ocrx_word' id='word_1_167' title='bbox 413 3028 533 3072; x_wconf 76' lang='lat' dir='ltr'><strong>scritum:</strong></span> <span class='ocrx_word' id='word_1_168' title='bbox 544 3021 591 3072; x_wconf 82' lang='lat' dir='ltr'><strong>sed</strong></span> <span class='ocrx_word' id='word_1_169' title='bbox 602 3020 691 3071; x_wconf 82' lang='lat' dir='ltr'><strong>adbuc</strong></span> <span class='ocrx_word' id='word_1_170' title='bbox 699 3019 779 3070; x_wconf 82' lang='lat' dir='ltr'><strong>talem</strong></span> <span class='ocrx_word' id='word_1_171' title='bbox 791 3018 866 3070; x_wconf 81' lang='lat' dir='ltr'><strong>dabit</strong></span> <span class='ocrx_word' id='word_1_172' title='bbox 879 3020 906 3070; x_wconf 87' lang='lat' dir='ltr'><strong>in</strong></span> <span class='ocrx_word' id='word_1_173' title='bbox 919 3019 1043 3069; x_wconf 66' lang='lat' dir='ltr'><strong>&lt;ludrica</strong></span> <span class='ocrx_word' id='word_1_174' title='bbox 1052 3020 1192 3083; x_wconf 70' lang='lat' dir='ltr'><strong>crepitum,</strong></span> <span class='ocrx_word' id='word_1_175' title='bbox 1201 3019 1273 3085; x_wconf 83' lang='lat' dir='ltr'><strong>quod</strong></span> <span class='ocrx_word' id='word_1_176' title='bbox 1282 3020 1312 3071; x_wconf 82' lang='lat' dir='ltr'><strong>in</strong></span> <span class='ocrx_word' id='word_1_177' title='bbox 1322 3025 1376 3072; x_wconf 87' lang='lat' dir='ltr'><strong>toto</strong></span> <span class='ocrx_word' id='word_1_178' title='bbox 1385 3019 1450 3072; x_wconf 78' lang='lat' dir='ltr'><strong>orbe</strong></span> 
     </span>
     <span class='ocr_line' id='line_1_21' title="bbox 211 3114 1450 3186; baseline -0.002 -13"><span class='ocrx_word' id='word_1_179' title='bbox 211 3120 324 3173; x_wconf 80' lang='lat' dir='ltr'><strong>sonabit.</strong></span> <span class='ocrx_word' id='word_1_180' title='bbox 336 3118 403 3186; x_wconf 79' lang='lat' dir='ltr'><strong>Quin</strong></span> <span class='ocrx_word' id='word_1_181' title='bbox 416 3118 499 3172; x_wconf 89' lang='lat' dir='ltr'><strong>verba</strong></span> <span class='ocrx_word' id='word_1_182' title='bbox 512 3117 551 3171; x_wconf 89' lang='lat' dir='ltr'><strong>rei</strong></span> <span class='ocrx_word' id='word_1_183' title='bbox 560 3117 735 3186; x_wconf 90' lang='lat' dir='ltr'><strong>postmodum</strong></span> <span class='ocrx_word' id='word_1_184' title='bbox 746 3115 872 3185; x_wconf 86' lang='lat' dir='ltr'><strong>probavit</strong></span> <span class='ocrx_word' id='word_1_185' title='bbox 884 3120 1006 3168; x_wconf 73' lang='lat' dir='ltr'><strong>eventus.</strong></span> <span class='ocrx_word' id='word_1_186' title='bbox 1017 3114 1140 3186; x_wconf 79' lang='lat' dir='ltr'><strong>Habetur</strong></span> <span class='ocrx_word' id='word_1_187' title='bbox 1152 3114 1180 3169; x_wconf 93' lang='lat' dir='ltr'><strong>in</strong></span> <span class='ocrx_word' id='word_1_188' title='bbox 1189 3115 1319 3183; x_wconf 76' lang='lat' dir='ltr'><strong>praedicis</strong></span> <span class='ocrx_word' id='word_1_189' title='bbox 1328 3116 1450 3171; x_wconf 80' lang='lat' dir='ltr'><strong>historia</strong></span> 
     </span>
     <span class='ocr_line' id='line_1_22' title="bbox 212 3214 1450 3287; baseline -0.001 -15"><span class='ocrx_word' id='word_1_190' title='bbox 212 3217 285 3286; x_wconf 87' lang='lat' dir='ltr'><strong>quod</strong></span> <span class='ocrx_word' id='word_1_191' title='bbox 299 3218 394 3271; x_wconf 87' lang='lat' dir='ltr'><strong>endem</strong></span> <span class='ocrx_word' id='word_1_192' title='bbox 405 3218 449 3271; x_wconf 85' lang='lat' dir='ltr'><strong>die</strong></span> <span class='ocrx_word' id='word_1_193' title='bbox 460 3233 515 3287; x_wconf 84' lang='lat' dir='ltr'><strong>qua</strong></span> <span class='ocrx_word' id='word_1_194' title='bbox 531 3217 585 3270; x_wconf 82' lang='lat' dir='ltr'><strong>fuit</strong></span> <span class='ocrx_word' id='word_1_195' title='bbox 601 3218 732 3270; x_wconf 85' lang='lat' dir='ltr'><strong>transitus</strong></span> <span class='ocrx_word' id='word_1_196' title='bbox 749 3216 836 3269; x_wconf 83' lang='lat' dir='ltr'><strong>sancti</strong></span> <span class='ocrx_word' id='word_1_197' title='bbox 854 3215 978 3279; x_wconf 81' lang='lat' dir='ltr'><strong>l&#39;bomae,</strong></span> <span class='ocrx_word' id='word_1_198' title='bbox 995 3215 1162 3268; x_wconf 80' lang='lat' dir='ltr'><strong>reverendus</strong></span> <span class='ocrx_word' id='word_1_199' title='bbox 1177 3214 1306 3269; x_wconf 78' lang='lat' dir='ltr'><strong>tilbertus</strong></span> <span class='ocrx_word' id='word_1_200' title='bbox 1324 3217 1450 3271; x_wconf 84' lang='lat' dir='ltr'><strong>existens</strong></span> 
     </span>
     <span class='ocr_line' id='line_1_23' title="bbox 211 3313 1452 3386; baseline 0.002 -17"><span class='ocrx_word' id='word_1_201' title='bbox 211 3318 284 3385; x_wconf 88' lang='lat' dir='ltr'><strong>apud</strong></span> <span class='ocrx_word' id='word_1_202' title='bbox 297 3317 440 3371; x_wconf 90' lang='lat' dir='ltr'><strong>Coloniam</strong></span> <span class='ocrx_word' id='word_1_203' title='bbox 452 3322 480 3370; x_wconf 91' lang='lat' dir='ltr'><strong>et</strong></span> <span class='ocrx_word' id='word_1_204' title='bbox 492 3316 519 3369; x_wconf 91' lang='lat' dir='ltr'><strong>in</strong></span> <span class='ocrx_word' id='word_1_205' title='bbox 532 3332 628 3369; x_wconf 90' lang='lat' dir='ltr'><strong>mensa</strong></span> <span class='ocrx_word' id='word_1_206' title='bbox 637 3315 801 3369; x_wconf 87' lang='lat' dir='ltr'><strong>recumbens</strong></span> <span class='ocrx_word' id='word_1_207' title='bbox 817 3318 950 3383; x_wconf 70' lang='lat' dir='ltr'><strong>praesente</strong></span> <span class='ocrx_word' id='word_1_208' title='bbox 962 3313 1053 3382; x_wconf 89' lang='lat' dir='ltr'><strong>priore</strong></span> <span class='ocrx_word' id='word_1_209' title='bbox 1066 3319 1217 3368; x_wconf 84' lang='lat' dir='ltr'><strong>conventus</strong></span> <span class='ocrx_word' id='word_1_210' title='bbox 1229 3330 1293 3368; x_wconf 90' lang='lat' dir='ltr'><strong>curn</strong></span> <span class='ocrx_word' id='word_1_211' title='bbox 1306 3315 1452 3386; x_wconf 76' lang='lat' dir='ltr'><strong>aliquibus</strong></span> 
     </span>
     <span class='ocr_line' id='line_1_24' title="bbox 211 3412 1451 3483; baseline 0.002 -15"><span class='ocrx_word' id='word_1_212' title='bbox 211 3415 342 3470; x_wconf 84' lang='lat' dir='ltr'><strong>iratribus</strong></span> <span class='ocrx_word' id='word_1_213' title='bbox 358 3415 427 3477; x_wconf 90' lang='lat' dir='ltr'><strong>aliis,</strong></span> <span class='ocrx_word' id='word_1_214' title='bbox 444 3415 573 3469; x_wconf 80' lang='lat' dir='ltr'><strong>Albertus</strong></span> <span class='ocrx_word' id='word_1_215' title='bbox 592 3414 673 3483; x_wconf 76' lang='lat' dir='ltr'><strong>erepit</strong></span> <span class='ocrx_word' id='word_1_216' title='bbox 690 3413 782 3468; x_wconf 92' lang='lat' dir='ltr'><strong>subito</strong></span> <span class='ocrx_word' id='word_1_217' title='bbox 800 3412 945 3466; x_wconf 82' lang='lat' dir='ltr'><strong>lacrimari.</strong></span> <span class='ocrx_word' id='word_1_218' title='bbox 963 3412 1126 3481; x_wconf 82' lang='lat' dir='ltr'><strong>Stupeioctis</strong></span> <span class='ocrx_word' id='word_1_219' title='bbox 1143 3417 1236 3466; x_wconf 85' lang='lat' dir='ltr'><strong>autern</strong></span> <span class='ocrx_word' id='word_1_220' title='bbox 1255 3414 1451 3483; x_wconf 68' lang='lat' dir='ltr'><strong>presentibus,</strong></span> 
     </span>
     <span class='ocr_line' id='line_1_25' title="bbox 211 3510 1450 3582; baseline -0.001 -14"><span class='ocrx_word' id='word_1_221' title='bbox 211 3514 322 3568; x_wconf 84' lang='lat' dir='ltr'><strong>tandem</strong></span> <span class='ocrx_word' id='word_1_222' title='bbox 334 3514 417 3582; x_wconf 89' lang='lat' dir='ltr'><strong>priori</strong></span> <span class='ocrx_word' id='word_1_223' title='bbox 430 3530 541 3566; x_wconf 79' lang='lat' dir='ltr'><strong>causam</strong></span> <span class='ocrx_word' id='word_1_224' title='bbox 551 3513 727 3566; x_wconf 82' lang='lat' dir='ltr'><strong>lacrimarum</strong></span> <span class='ocrx_word' id='word_1_225' title='bbox 739 3511 872 3578; x_wconf 73' lang='lat' dir='ltr'><strong>quaerenti</strong></span> <span class='ocrx_word' id='word_1_226' title='bbox 885 3510 929 3564; x_wconf 91' lang='lat' dir='ltr'><strong>ille</strong></span> <span class='ocrx_word' id='word_1_227' title='bbox 939 3510 1091 3579; x_wconf 90' lang='lat' dir='ltr'><strong>respondit:</strong></span> <span class='ocrx_word' id='word_1_228' title='bbox 1101 3511 1194 3565; x_wconf 81' lang='lat' dir='ltr'><strong>Filius</strong></span> <span class='ocrx_word' id='word_1_229' title='bbox 1203 3529 1276 3565; x_wconf 83' lang='lat' dir='ltr'><strong>meus</strong></span> <span class='ocrx_word' id='word_1_230' title='bbox 1286 3515 1316 3564; x_wconf 79' lang='lat' dir='ltr'><strong>in</strong></span> <span class='ocrx_word' id='word_1_231' title='bbox 1327 3514 1450 3578; x_wconf 69' lang='lat' dir='ltr'><strong>dlii-isto,</strong></span> 
     </span>
     <span class='ocr_line' id='line_1_26' title="bbox 208 3612 1451 3681; baseline 0 -16"><span class='ocrx_word' id='word_1_232' title='bbox 208 3615 300 3679; x_wconf 75' lang='lat' dir='ltr'><strong>frater</strong></span> <span class='ocrx_word' id='word_1_233' title='bbox 314 3614 431 3666; x_wconf 77' lang='lat' dir='ltr'><strong>Thomas</strong></span> <span class='ocrx_word' id='word_1_234' title='bbox 450 3615 483 3666; x_wconf 83' lang='lat' dir='ltr'><strong>de</strong></span> <span class='ocrx_word' id='word_1_235' title='bbox 496 3615 613 3680; x_wconf 81' lang='lat' dir='ltr'><strong>Aquino,</strong></span> <span class='ocrx_word' id='word_1_236' title='bbox 634 3615 683 3681; x_wconf 81' lang='lat' dir='ltr'><strong>qui</strong></span> <span class='ocrx_word' id='word_1_237' title='bbox 698 3614 755 3677; x_wconf 77' lang='lat' dir='ltr'><strong>snit</strong></span> <span class='ocrx_word' id='word_1_238' title='bbox 771 3613 861 3664; x_wconf 78' lang='lat' dir='ltr'><strong>ticinen</strong></span> <span class='ocrx_word' id='word_1_239' title='bbox 873 3612 1004 3676; x_wconf 64' lang='lat' dir='ltr'><strong>Ecclesia,</strong></span> <span class='ocrx_word' id='word_1_240' title='bbox 1021 3629 1054 3664; x_wconf 77' lang='lat' dir='ltr'><strong>es</strong></span> <span class='ocrx_word' id='word_1_241' title='bbox 1070 3612 1121 3663; x_wconf 83' lang='lat' dir='ltr'><strong>boc</strong></span> <span class='ocrx_word' id='word_1_242' title='bbox 1138 3613 1195 3664; x_wconf 77' lang='lat' dir='ltr'><strong>trice</strong></span> <span class='ocrx_word' id='word_1_243' title='bbox 1211 3613 1349 3679; x_wconf 75' lang='lat' dir='ltr'><strong>rniprooit.</strong></span> <span class='ocrx_word' id='word_1_244' title='bbox 1367 3613 1451 3667; x_wconf 82' lang='lat' dir='ltr'><strong>Tunc</strong></span> 
     </span>
     <span class='ocr_line' id='line_1_27' title="bbox 210 3706 1446 3777; baseline -0.001 -13"><span class='ocrx_word' id='word_1_245' title='bbox 210 3716 321 3764; x_wconf 89' lang='lat' dir='ltr'><strong>notatur</strong></span> <span class='ocrx_word' id='word_1_246' title='bbox 333 3711 391 3763; x_wconf 89' lang='lat' dir='ltr'><strong>dies</strong></span> <span class='ocrx_word' id='word_1_247' title='bbox 403 3727 419 3763; x_wconf 84' lang='lat' dir='ltr'><strong>a</strong></span> <span class='ocrx_word' id='word_1_248' title='bbox 432 3710 522 3777; x_wconf 89' lang='lat' dir='ltr'><strong>priore</strong></span> <span class='ocrx_word' id='word_1_249' title='bbox 540 3715 568 3763; x_wconf 86' lang='lat' dir='ltr'><strong>et</strong></span> <span class='ocrx_word' id='word_1_250' title='bbox 584 3709 653 3773; x_wconf 86' lang='lat' dir='ltr'><strong>aliis,</strong></span> <span class='ocrx_word' id='word_1_251' title='bbox 662 3714 689 3762; x_wconf 95' lang='lat' dir='ltr'><strong>et</strong></span> <span class='ocrx_word' id='word_1_252' title='bbox 702 3714 841 3777; x_wconf 89' lang='lat' dir='ltr'><strong>repertum</strong></span> <span class='ocrx_word' id='word_1_253' title='bbox 854 3711 895 3760; x_wconf 91' lang='lat' dir='ltr'><strong>est</strong></span> <span class='ocrx_word' id='word_1_254' title='bbox 907 3712 1003 3776; x_wconf 82' lang='lat' dir='ltr'><strong>postea</strong></span> <span class='ocrx_word' id='word_1_255' title='bbox 1014 3712 1138 3760; x_wconf 88' lang='lat' dir='ltr'><strong>sanctum</strong></span> <span class='ocrx_word' id='word_1_256' title='bbox 1151 3706 1294 3761; x_wconf 89' lang='lat' dir='ltr'><strong>doctorem</strong></span> <span class='ocrx_word' id='word_1_257' title='bbox 1303 3707 1446 3763; x_wconf 86' lang='lat' dir='ltr'><strong>Thomam</strong></span> 
     </span>
     <span class='ocr_line' id='line_1_28' title="bbox 210 3807 1012 3877; baseline -0.006 -13"><span class='ocrx_word' id='word_1_258' title='bbox 210 3810 305 3865; x_wconf 84' lang='lat' dir='ltr'><strong>eadem</strong></span> <span class='ocrx_word' id='word_1_259' title='bbox 315 3809 359 3864; x_wconf 87' lang='lat' dir='ltr'><strong>die</strong></span> <span class='ocrx_word' id='word_1_260' title='bbox 373 3810 399 3863; x_wconf 92' lang='lat' dir='ltr'><strong>in</strong></span> <span class='ocrx_word' id='word_1_261' title='bbox 412 3810 546 3863; x_wconf 85' lang='lat' dir='ltr'><strong>llornanis</strong></span> <span class='ocrx_word' id='word_1_262' title='bbox 559 3809 681 3877; x_wconf 82' lang='lat' dir='ltr'><strong>partibus</strong></span> <span class='ocrx_word' id='word_1_263' title='bbox 693 3824 726 3861; x_wconf 90' lang='lat' dir='ltr'><strong>ex</strong></span> <span class='ocrx_word' id='word_1_264' title='bbox 739 3808 791 3861; x_wconf 86' lang='lat' dir='ltr'><strong>hac</strong></span> <span class='ocrx_word' id='word_1_265' title='bbox 801 3807 862 3861; x_wconf 91' lang='lat' dir='ltr'><strong>luce</strong></span> <span class='ocrx_word' id='word_1_266' title='bbox 874 3807 1012 3875; x_wconf 75' lang='lat' dir='ltr'><strong>migrasse.</strong></span> 
     </span>
    </p>
   </div>
   <div class='ocr_carea' id='block_1_11' title="bbox 564 4008 1089 4080">
    <p class='ocr_par' dir='ltr' id='par_1_12' title="bbox 564 4008 1089 4080">
     <span class='ocr_line' id='line_1_29' title="bbox 564 4008 1089 4080; baseline -0.008 -9"><span class='ocrx_word' id='word_1_267' title='bbox 564 4015 617 4071; x_wconf 84' lang='lat' dir='ltr'><strong>De</strong></span> <span class='ocrx_word' id='word_1_268' title='bbox 636 4010 787 4070; x_wconf 80' lang='lat' dir='ltr'><strong>termino</strong></span> <span class='ocrx_word' id='word_1_269' title='bbox 808 4009 897 4068; x_wconf 82' lang='lat' dir='ltr'><strong>vitae</strong></span> <span class='ocrx_word' id='word_1_270' title='bbox 920 4008 1089 4080; x_wconf 77' lang='lat' dir='ltr'><strong>ejusdem.</strong></span> 
     </span>
    </p>
   </div>
   <div class='ocr_carea' id='block_1_12' title="bbox 207 4197 1467 4467">
    <p class='ocr_par' dir='ltr' id='par_1_13' title="bbox 207 4197 1467 4467">
     <span class='ocr_line' id='line_1_30' title="bbox 249 4197 1437 4270; baseline -0.007 -10"><span class='ocrx_word' id='word_1_271' title='bbox 249 4204 284 4262; x_wconf 84' lang='lat'><strong>8.</strong></span> <span class='ocrx_word' id='word_1_272' title='bbox 309 4204 375 4259; x_wconf 88' lang='lat' dir='ltr'><strong>Cum</strong></span> <span class='ocrx_word' id='word_1_273' title='bbox 394 4208 485 4257; x_wconf 83' lang='lat' dir='ltr'><strong>autern</strong></span> <span class='ocrx_word' id='word_1_274' title='bbox 500 4202 620 4270; x_wconf 86' lang='lat' dir='ltr'><strong>quadam</strong></span> <span class='ocrx_word' id='word_1_275' title='bbox 640 4201 683 4254; x_wconf 90' lang='lat' dir='ltr'><strong>die</strong></span> <span class='ocrx_word' id='word_1_276' title='bbox 701 4199 831 4268; x_wconf 68' lang='lat' dir='ltr'><strong>magister</strong></span> <span class='ocrx_word' id='word_1_277' title='bbox 850 4199 982 4253; x_wconf 76' lang='lat' dir='ltr'><strong>tilbertus</strong></span> <span class='ocrx_word' id='word_1_278' title='bbox 999 4197 1140 4252; x_wconf 87' lang='lat' dir='ltr'><strong>coniectus</strong></span> <span class='ocrx_word' id='word_1_279' title='bbox 1159 4197 1237 4253; x_wconf 90' lang='lat' dir='ltr'><strong>senio</strong></span> <span class='ocrx_word' id='word_1_280' title='bbox 1255 4200 1283 4254; x_wconf 94' lang='lat' dir='ltr'><strong>in</strong></span> <span class='ocrx_word' id='word_1_281' title='bbox 1302 4204 1437 4253; x_wconf 78' lang='lat' dir='ltr'><strong>conventu</strong></span> 
     </span>
     <span class='ocr_line' id='line_1_31' title="bbox 207 4292 1467 4366; baseline -0.009 -8"><span class='ocrx_word' id='word_1_282' title='bbox 207 4302 363 4357; x_wconf 88' lang='lat' dir='ltr'><strong>Coloniensi</strong></span> <span class='ocrx_word' id='word_1_283' title='bbox 374 4302 401 4355; x_wconf 93' lang='lat' dir='ltr'><strong>in</strong></span> <span class='ocrx_word' id='word_1_284' title='bbox 411 4298 513 4354; x_wconf 86' lang='lat' dir='ltr'><strong>scholis</strong></span> <span class='ocrx_word' id='word_1_285' title='bbox 525 4297 634 4366; x_wconf 77' lang='lat' dir='ltr'><strong>legeret,</strong></span> <span class='ocrx_word' id='word_1_286' title='bbox 646 4301 780 4364; x_wconf 75' lang='lat' dir='ltr'><strong>prasente</strong></span> <span class='ocrx_word' id='word_1_287' title='bbox 792 4294 903 4364; x_wconf 84' lang='lat' dir='ltr'><strong>copiosa</strong></span> <span class='ocrx_word' id='word_1_288' title='bbox 915 4294 1072 4348; x_wconf 89' lang='lat' dir='ltr'><strong>auditorum</strong></span> <span class='ocrx_word' id='word_1_289' title='bbox 1082 4292 1266 4358; x_wconf 89' lang='lat' dir='ltr'><strong>multitudine,</strong></span> <span class='ocrx_word' id='word_1_290' title='bbox 1275 4293 1305 4348; x_wconf 90' lang='lat' dir='ltr'><strong>in</strong></span> <span class='ocrx_word' id='word_1_291' title='bbox 1314 4294 1433 4364; x_wconf 70' lang='lat' dir='ltr'><strong>colligen-</strong></span> <span class='ocrx_word' id='word_1_292' title='bbox 1445 4298 1467 4353; x_wconf 73' lang='grc'><strong><em>3</em></strong></span> 
     </span>
     <span class='ocr_line' id='line_1_32' title="bbox 207 4391 1432 4467; baseline -0.007 -13"><span class='ocrx_word' id='word_1_293' title='bbox 207 4402 249 4455; x_wconf 89' lang='lat' dir='ltr'><strong>dis</strong></span> <span class='ocrx_word' id='word_1_294' title='bbox 261 4418 292 4456; x_wconf 88' lang='lat' dir='ltr'><strong>ac</strong></span> <span class='ocrx_word' id='word_1_295' title='bbox 305 4400 427 4454; x_wconf 86' lang='lat' dir='ltr'><strong>dicendis</strong></span> <span class='ocrx_word' id='word_1_296' title='bbox 439 4397 605 4467; x_wconf 86' lang='lat' dir='ltr'><strong>quibusdam</strong></span> <span class='ocrx_word' id='word_1_297' title='bbox 617 4395 770 4448; x_wconf 88' lang='lat' dir='ltr'><strong>rationibus</strong></span> <span class='ocrx_word' id='word_1_298' title='bbox 788 4394 873 4462; x_wconf 90' lang='lat' dir='ltr'><strong>ipsius</strong></span> <span class='ocrx_word' id='word_1_299' title='bbox 891 4394 1025 4447; x_wconf 86' lang='lat' dir='ltr'><strong>memoria</strong></span> <span class='ocrx_word' id='word_1_300' title='bbox 1042 4391 1188 4446; x_wconf 81' lang='lat' dir='ltr'><strong>vacillavit.</strong></span> <span class='ocrx_word' id='word_1_301' title='bbox 1200 4392 1327 4462; x_wconf 83' lang='lat' dir='ltr'><strong>Cumque</strong></span> <span class='ocrx_word' id='word_1_302' title='bbox 1343 4406 1432 4447; x_wconf 82' lang='lat' dir='ltr'><strong>omnes</strong></span> 
     </span>
    </p>
   </div>
   <div class='ocr_carea' id='block_1_13' title="bbox 206 4541 1430 4692">
    <p class='ocr_par' dir='ltr' id='par_1_14' title="bbox 206 4541 1430 4692">
     <span class='ocr_line' id='line_1_33' title="bbox 240 4541 1430 4617; baseline -0.008 -13"><span class='ocrx_word' id='word_1_303' title='bbox 240 4552 277 4617; x_wconf 88' lang='lat' dir='ltr'><strong>(l)</strong></span> <span class='ocrx_word' id='word_1_304' title='bbox 287 4549 414 4604; x_wconf 80' lang='lat' dir='ltr'><strong>Ecclesia·</strong></span> <span class='ocrx_word' id='word_1_305' title='bbox 424 4546 618 4601; x_wconf 75' lang='lat' dir='ltr'><strong>llatisbonensi</strong></span> <span class='ocrx_word' id='word_1_306' title='bbox 631 4543 738 4613; x_wconf 75' lang='lat' dir='ltr'><strong>praefuit</strong></span> <span class='ocrx_word' id='word_1_307' title='bbox 756 4543 785 4596; x_wconf 91' lang='lat' dir='ltr'><strong>B.</strong></span> <span class='ocrx_word' id='word_1_308' title='bbox 802 4543 932 4596; x_wconf 79' lang='lat' dir='ltr'><strong>Albcrtus</strong></span> <span class='ocrx_word' id='word_1_309' title='bbox 948 4558 965 4594; x_wconf 88' lang='lat' dir='ltr'><strong>n</strong></span> <span class='ocrx_word' id='word_1_310' title='bbox 983 4542 1055 4595; x_wconf 73' lang='lat' dir='ltr'><strong>dieii</strong></span> <span class='ocrx_word' id='word_1_311' title='bbox 1070 4541 1187 4609; x_wconf 85' lang='lat' dir='ltr'><strong>januarii</strong></span> <span class='ocrx_word' id='word_1_312' title='bbox 1200 4541 1265 4596; x_wconf 86' lang='lat' dir='ltr'><strong>anni</strong></span> <span class='ocrx_word' id='word_1_313' title='bbox 1276 4543 1342 4596; x_wconf 76' lang='lat'>1260</span> <span class='ocrx_word' id='word_1_314' title='bbox 1352 4556 1430 4610; x_wconf 83' lang='lat' dir='ltr'><strong>usque</strong></span> 
     </span>
     <span class='ocr_line' id='line_1_34' title="bbox 206 4625 1429 4692; baseline -0.007 -5"><span class='ocrx_word' id='word_1_315' title='bbox 206 4634 241 4687; x_wconf 86' lang='lat' dir='ltr'><strong>nd</strong></span> <span class='ocrx_word' id='word_1_316' title='bbox 252 4633 359 4686; x_wconf 88' lang='lat' dir='ltr'><strong>initium</strong></span> <span class='ocrx_word' id='word_1_317' title='bbox 369 4632 473 4685; x_wconf 79' lang='lat' dir='ltr'><strong>niensis</strong></span> <span class='ocrx_word' id='word_1_318' title='bbox 483 4629 573 4682; x_wconf 83' lang='lat' dir='ltr'><strong>rrrartii</strong></span> <span class='ocrx_word' id='word_1_319' title='bbox 586 4628 650 4681; x_wconf 83' lang='lat' dir='ltr'><strong>anni</strong></span> <span class='ocrx_word' id='word_1_320' title='bbox 665 4628 737 4681; x_wconf 65' lang='lat'><strong>1262,</strong></span> <span class='ocrx_word' id='word_1_321' title='bbox 754 4627 863 4690; x_wconf 83' lang='lat' dir='ltr'><strong>lanncr,</strong></span> <span class='ocrx_word' id='word_1_322' title='bbox 879 4626 1032 4679; x_wconf 75' lang='lat' dir='ltr'><strong>Geacliicbte</strong></span> <span class='ocrx_word' id='word_1_323' title='bbox 1049 4627 1097 4677; x_wconf 80' lang='lat' dir='ltr'><strong>der·</strong></span> <span class='ocrx_word' id='word_1_324' title='bbox 1113 4625 1241 4692; x_wconf 73' lang='lat' dir='ltr'><strong>Biecbdse</strong></span> <span class='ocrx_word' id='word_1_325' title='bbox 1257 4643 1306 4680; x_wconf 75' lang='lat' dir='ltr'><strong>cori</strong></span> <span class='ocrx_word' id='word_1_326' title='bbox 1324 4626 1429 4692; x_wconf 69' lang='lat' dir='ltr'><strong>Reperio</strong></span> 
     </span>
    </p>
   </div>
   <div class='ocr_carea' id='block_1_14' title="bbox 205 4712 608 4783">
    <p class='ocr_par' dir='ltr' id='par_1_15' title="bbox 205 4712 608 4783">
     <span class='ocr_line' id='line_1_35' title="bbox 205 4712 608 4783; baseline -0.012 -14"><span class='ocrx_word' id='word_1_327' title='bbox 205 4718 282 4783; x_wconf 65' lang='lat' dir='ltr'><strong>barry,</strong></span> <span class='ocrx_word' id='word_1_328' title='bbox 294 4721 360 4769; x_wconf 89' lang='lat' dir='ltr'><strong>torn.</strong></span> <span class='ocrx_word' id='word_1_329' title='bbox 375 4714 397 4767; x_wconf 96' lang='lat' dir='ltr'><strong>ll</strong></span> <span class='ocrx_word' id='word_1_330' title='bbox 411 4712 506 4779; x_wconf 57' lang='lat' dir='ltr'><strong>(lam),</strong></span> <span class='ocrx_word' id='word_1_331' title='bbox 516 4729 540 4780; x_wconf 90' lang='lat' dir='ltr'><strong>p.</strong></span> <span class='ocrx_word' id='word_1_332' title='bbox 554 4712 608 4764; x_wconf 69' lang='lat' dir='ltr'><strong>titt.</strong></span> 
     </span>
    </p>
   </div>
   <div class='ocr_carea' id='block_1_15' title="bbox 0 0 1640 5400">
    <p class='ocr_par' dir='ltr' id='par_1_16' title="bbox 0 0 1640 5400">
     <span class='ocr_line' id='line_1_36' title="bbox 0 0 1640 5400; baseline 0 5"><span class='ocrx_word' id='word_1_333' title='bbox 0 0 1640 5400; x_wconf 95' lang='lat' dir='ltr'><strong> </strong></span> 
     </span>
    </p>
   </div>
  </div>
 </body>
</html>
