3270 5400
186 278 261 352 Μ
524 301 651 354 carru.
678 302 783 355 cono.
807 301 1088 353 naoroonarmc.

188 490 349 559 compilavit
359 507 393 545 ex
411 491 541 560 operibus
558 490 585 545 S.
603 490 749 560 Augustini
760 495 844 559 atque
854 491 998 560 descripsit
1008 491 1080 545 intra
1089 508 1177 546 annos
1190 493 1254 547 1481
1265 499 1295 547 et
1305 494 1424 562 tratti),

189 589 310 643 referens
327 591 361 644 ad
373 596 477 644 certam
493 590 693 644 vocabulorum
705 590 803 643 seriem
817 590 913 643 ordine
925 589 1100 658 alphabetico
1117 590 1279 660 dispositam
1292 593 1425 662 quidquid

189 686 307 742 exirdius
318 689 445 743 Ecclesiae
457 690 554 743 doctor
573 690 607 742 de
619 689 702 742 rebus
714 688 774 742 istis
787 688 947 742 nominibus
958 689 1106 757 designatis
1117 690 1244 744 statuerit
1257 708 1291 744 ac
1306 692 1426 761 disputa·

189 786 267 840 verit
281 787 352 841 Huic
363 787 548 848 lucubrationi
561 787 710 857 praeposuit
721 786 848 840 b'icolaus
866 786 958 840 Vitam
970 787 1090 856 episcopi
1101 788 1296 858 Hipponensis.
1305 790 1426 858 Uterque

183 886 277 959 codex
290 886 352 953 jure
361 891 537 956 computatur
549 887 620 940 inter
632 886 873 956 praestantissimos
883 885 975 954 Regiae
986 886 1181 952 Bruxeliensis,
1192 894 1290 958 utpote
1302 889 1427 958 inprimis

188 986 354 1053 conspicuus
371 991 399 1040 et
418 987 570 1054 majoribus
581 986 680 1039 litteris
688 1002 750 1054 quae
761 985 837 1038 vario
847 985 940 1039 colore
951 985 1091 1039 substrato
1105 992 1220 1040 venuste
1229 988 1346 1056 depictae
1355 994 1428 1053 suut,

189 1088 217 1138 et
228 1085 309 1138 sertis
317 1102 378 1153 quae
390 1101 489 1139 manus
501 1085 568 1138 artis
584 1101 641 1137 suae
658 1083 746 1152 perita
763 1082 880 1137 subinde
892 1083 965 1137 loliis
976 1084 1163 1149 circumdedit,
1175 1090 1203 1138 et
1221 1086 1309 1139 scutis
1321 1086 1428 1154 gentili-

189 1183 238 1237 ciis
251 1184 288 1250 (2)
300 1184 399 1238 saltem
416 1189 522 1253 septem
532 1189 698 1247 uunre1·o,et
716 1184 827 1236 tandem
847 1182 955 1237 tabellis
966 1184 1042 1236 baud
1058 1184 1162 1254 paucis,
1179 1201 1196 1237 a
1213 1184 1317 1253 quibus
1328 1185 1429 1238 descri-

190 1283 288 1337 bendis
299 1283 477 1347 abstinemus,
490 1300 546 1337 una
557 1288 665 1336 tantum
674 1287 789 1350 excepta
797 1299 859 1351 quae
871 1282 899 1336 in
909 1283 998 1351 capite
1007 1284 1075 1336 Vitae
1090 1285 1176 1337 sancti
1189 1284 1313 1337 doctoris
1321 1285 1429 1353 signata

190 1387 240 1437 est.
251 1382 473 1450 Repraesentatur
483 1399 531 1452 per
543 1400 604 1436 eam
616 1387 727 1436 sanctus
740 1381 884 1451 episcopus
896 1387 971 1435 veste
984 1382 1133 1450 pontificali
1145 1383 1258 1437 indutus
1271 1383 1429 1452 sedensque

190 1484 219 1539 in
234 1485 422 1545 faldistoriaa
435 1486 538 1539 dextris
550 1485 655 1539 habens
667 1485 817 1539 monialem
832 1485 936 1539 ordinis
948 1485 1123 1539 carthusiani
1135 1487 1178 1539 cui
1188 1486 1291 1539 librum
1306 1487 1431 1555 porrigit.

189 1584 256 1638 Post
266 1585 339 1638 banc
351 1586 408 1638 Deo
421 1586 539 1638 dicatam
550 1585 682 1654 virginem
692 1590 747 1638 stat
758 1602 821 1638 cum
835 1585 980 1638 monacbis
995 1585 1100 1654 aliquot
1111 1585 1180 1654 nigri
1193 1586 1299 1640 ordinis
1312 1587 1356 1639 vir
1370 1602 1430 1654 pro·

191 1682 282 1737 lixiori
295 1683 381 1736 barba
392 1684 508 1737 decorus
520 1701 553 1737 ac
571 1689 635 1753 toga
651 1684 786 1737 viridante
805 1684 927 1738 vestitus.
948 1683 972 1736 Α
988 1684 1106 1738 sinistris
1118 1689 1211 1738 autem
1229 1685 1373 1752 depictum
1388 1690 1431 1738 cst

181 1784 328 1853 pulpitum
337 1800 400 1837 cum
412 1783 483 1837 libro
495 1788 591 1852 aperto
602 1784 724 1851 itemque
736 1783 889 1836 monachus
901 1783 1006 1836 ordinis
1018 1783 1191 1837 Carthasiani
1206 1784 1252 1852 qui
1263 1784 1353 1837 multa
1366 1801 1429 1838 cum

192 1881 346 1935 reverentia
363 1881 397 1934 ad
416 1881 575 1950 episcopum
593 1897 752 1944 conversus,
761 1897 809 1949 pro
822 1881 911 1934 tendit
922 1880 973 1948 ipsi
986 1880 1085 1935 librum
1099 1898 1181 1950 quern
1192 1882 1325 1937 manibus
1334 1888 1431 1952 gestat

191 1982 271 2036 Hunc
288 1981 493 2049 subsequuntur
510 1982 607 2034 iratres
619 1980 725 2050 aliquot
733 1980 859 2033 habitum
869 1981 1062 2035 monachalem
1072 1980 1141 2048 nigri
1153 1981 1254 2034 coloris
1266 1983 1431 2036 deferentes

291 2180 462 2254 Narratio
479 2180 646 2273 ejusdem
672 2179 924 2272 compilatoris
941 2179 980 2252 in
998 2178 1074 2252 vita
1100 2180 1307 2255 beatissimi
1325 2180 1430 2254 almi-

341 2318 413 2388 que
430 2295 617 2388 pontilicis
634 2294 835 2387 Augustini
852 2293 932 2386 (lol.
955 2294 1065 2389 istil).

227 2427 288 2480 Vita
300 2427 333 2481 de
352 2443 407 2496 qua
423 2431 516 2480 actum
533 2430 575 2479 est
593 2426 621 2479 in
640 2428 698 2479 Act.
708 2426 764 2492 SS,
776 2426 811 2478 ad
824 2423 850 2478 d.
861 2425 894 2478 ⁹28
905 2425 982 2493 Aug,
994 2430 1062 2478 torn.
1071 2424 1116 2489 Vl,
1128 2440 1153 2492 p.
1165 2424 1225 2490 215,
1235 2441 1313 2479 num.
1328 2427 1368 2479 15.
1379 2426 1433 2479 lnc

194 2527 330 2579 Archadii
348 2534 372 2578 et
395 2527 514 2579 Honorii
532 2527 704 2592 temporibus,
727 2542 800 2578 arina
819 2526 919 2577 scilicet
938 2526 1119 2577 trecentesimo
1138 2526 1314 2591 rianogesimo
1335 2534 1433 2591 actara

193 2628 290 2680 mnndi
300 2642 362 2679 cera
374 2626 611 2693 quinquemilibna
623 2627 776 2692 pninpcntic
788 2627 937 2690 norropinta
946 2640 1045 2686 nomm,
1053 2626 1144 2675 airum
1156 2624 1236 2686 hunc,
1244 2641 1323 2692 quem
1332 2626 1433 2679 deacri-

193 2727 253 2779 berc
266 2727 439 2791 intendimur,
451 2726 527 2777 nobie
538 2726 678 2777 tradidere
689 2728 778 2778 nostri
784 2727 896 2793 priores
905 2724 1122 2792 philosophatum
1136 2726 1269 2776 incuncta
1282 2725 1433 2778 omhodooeo

193 2826 310 2889 ccclesia,
328 2826 538 2877 administrante
554 2841 615 2877 cera
628 2825 820 2890 rempublicam
841 2825 988 2877 Theodosio
1003 2825 1201 2888 plorioaiaainrc
1219 2841 1252 2876 ac
1270 2826 1432 2877 victoriosis·

193 2927 262 2978 oirno
273 2926 442 2991 imperatore,
451 2924 588 2976 Archadii
600 2924 770 2992 Honoriiqnc
776 2931 864 2991 patre,
873 2925 904 2975 in
916 2923 1095 2988 Thapaatcnsi
1103 2924 1203 2990 oppido
1211 2923 1432 2991 Affriconnpro·

158 3030 160 3034 ⁴
193 3027 286 3078 ciricius
292 3031 371 3090 patre
380 3025 509 3086 Patricio,
518 3030 604 3076 matre
619 3024 729 3076 Manica
738 3025 767 3075 in
782 3024 900 3076 haclnce
911 3029 1008 3088 mium,
1020 3022 1356 3075 educatumniliilominns
1365 3038 1432 3075 occe

99 3148 103 3158 ·
191 3126 293 3192 pimus.

641 3246 985 3255 ———

408 3462 559 3550 GXLII.
587 3461 711 3548 (lodex
737 3460 924 3571 signatus
949 3484 991 3544 n0
1018 3459 1126 3549 9289
1152 3468 1167 3558 (
1194 3470 1220 3562 ).

229 3685 370 3738 Foliorum
381 3685 436 3746 193,
449 3684 545 3736 formae
562 3681 659 3734 media
676 3681 780 3747 (0¹¹²,383
800 3687 826 3736 ><
848 3680 942 3744 ΟΜ),
954 3678 1090 3732 columnis
1107 3678 1187 3744 binis,
1204 3679 1284 3734 lineis
1302 3680 1435 3750 graphide

197 3785 286 3838 ductis
298 3800 353 3837 una
365 3799 450 3835 manu
467 3782 552 3835 nitide
564 3780 657 3834 seculo
673 3780 723 3833 ΧΗ
736 3784 871 3842 exaratus,
890 3781 1004 3846 excepto
1017 3783 1110 3832 tamen
1123 3778 1190 3832 lolio
1207 3779 1308 3847 primo.
1326 3780 1433 3834 Etenim

198 3901 284 3953 quum
295 3887 451 3952 temporum
464 3881 563 3948 injuria
575 3879 683 3933 initium
697 3879 799 3932 codicis
812 3878 993 3931 dilaceratum
1013 3876 1117 3940 fuisset,
1134 3877 1228 3931 seculo
1246 3878 1294 3932 XV
1307 3878 1435 3933 librarius

197 3984 309 4052 quidam
327 3983 435 4037 initium
446 3980 514 4034 Vitoe
526 3981 552 4033 S.
561 3979 630 4033 lusti
648 3978 787 4046 rescripsit
799 3994 830 4031 ac
849 3976 967 4030 indicem
980 3980 1173 4030 contentorum
1186 3976 1215 4030 iu
1224 3982 1301 4031 recta
1310 3979 1433 4047 ejusdem

232 4183 268 4247 (l)
282 4182 323 4234 lta
335 4182 408 4234 enim
421 4180 468 4233 iol.
485 4181 546 4235 dlv:
560 4180 682 4247 Explicit
691 4180 819 4245 profano
831 4180 921 4245 operia
939 4179 1074 4245 sequentia
1085 4176 1157 4243 quad
1168 4176 1329 4229 Catholicon
1342 4176 1435 4229 beotia

198 4269 264 4320 aimi
281 4267 431 4331 deprimini
448 4269 631 4330 riuncnpatnr.
648 4262 797 4329 Incaptnm
817 4277 891 4313 arina
903 4263 976 4313 1481.
988 4258 1045 4311 Fol.
1059 4257 1120 4311 188v
1133 4277 1140 4310 ι
1151 4264 1235 4311 Anno
1252 4259 1370 4312 Domini
1384 4259 1436 4312 huc

199 4350 341 4416 compilavi
352 4350 417 4400 1484
429 4354 452 4398 et
466 4347 544 4411 finiri
558 4345 707 4412 opitulante
718 4345 834 4396 Domino
847 4345 879 4395 18
888 4344 932 4395 die
943 4341 1101 4405 novembris,
1113 4341 1142 4394 ici
1156 4347 1195 4394 cst
1207 4342 1298 4394 altera
1310 4341 1436 4408 Hispania

199 4431 389 4484 Linconicnsia
400 4430 518 4496 episcopi
527 4429 625 4494 patria,
635 4429 663 4479 in
683 4428 760 4479 domo
779 4425 865 4479 Vallia
881 4426 992 4490 Recolis
1010 4425 1119 4476 ordinis
1132 4423 1342 4477 &minatensis
1351 4426 1434 4490 juxto

202 4514 371 4566 Gandnanm.
382 4538 415 4549 -
426 4510 463 4576 (ἲ)
477 4508 536 4563 vid.
558 4513 623 4562 torn.
645 4509 664 4571 l,
684 4507 729 4561 iol.
747 4508 782 4571 9‘,
794 4509 845 4570 ⁸251,
856 4508 911 4570 liv,
927 4507 995 4567 tlov,
1007 4509 1058 4559 etc.
1071 4533 1101 4543 -
1115 4504 1152 4570 (3)
1165 4505 1434 4559 Praetermitteudum

200 4592 356 4647 censuimus
367 4592 491 4646 codicem
505 4591 641 4658 signatum
655 4598 686 4643 ιι0
699 4590 817 4650 alra-87,
828 4588 957 4658 quamvis
969 4587 997 4641 in
1010 4587 1103 4641 lndice
1114 4586 1243 4641 Generali
1260 4586 1434 4642 bibliothece

203 4675 283 4743 regim
301 4678 425 4727 notatum
447 4674 617 4740 reperiamus
635 4671 686 4726 sub
707 4682 738 4724 n⁰
761 4672 848 4725 9186:
868 4672 951 4724 Liber
970 4672 1002 4724 de
1019 4672 1103 4737 pectis
1120 4671 1318 4737 plorimisaimi
1336 4670 1435 4725 Karoli
