<?xml version="1.0" encoding="UTF-8"?>
<!DOCTYPE html PUBLIC "-//W3C//DTD XHTML 1.0 Transitional//EN"
    "http://www.w3.org/TR/xhtml1/DTD/xhtml1-transitional.dtd">
<html xmlns="http://www.w3.org/1999/xhtml" xml:lang="en" lang="en">
 <head>
  <title>
</title>
<meta http-equiv="Content-Type" content="text/html;charset=utf-8" />
  <meta name='ocr-system' content='tesseract 3.04.00' />
  <meta name='ocr-capabilities' content='ocr_page ocr_carea ocr_par ocr_line ocrx_word'/>
</head>
<body>
  <div class='ocr_page' id='page_1' title='image "./cataloguscodicu00belggoog_0134.png"; bbox 0 0 3270 5400; ppageno 0'>
   <div class='ocr_carea' id='block_1_1' title="bbox 351 356 1460 431">
    <p class='ocr_par' dir='ltr' id='par_1_1' title="bbox 351 356 1460 431">
     <span class='ocr_line' id='line_1_1' title="bbox 351 356 1460 431; baseline -0.002 -2"><span class='ocrx_word' id='word_1_1' title='bbox 351 378 446 431; x_wconf 75' lang='lat' dir='ltr'><strong><em>sien.</em></strong></span> <span class='ocrx_word' id='word_1_2' title='bbox 466 377 547 430; x_wconf 80' lang='lat' dir='ltr'><strong><em>nea.</em></strong></span> <span class='ocrx_word' id='word_1_3' title='bbox 566 378 739 429; x_wconf 71' lang='lat' dir='ltr'><strong><em>sennenn.</em></strong></span> <span class='ocrx_word' id='word_1_4' title='bbox 759 399 805 408; x_wconf 94' lang='lat'>—</span> <span class='ocrx_word' id='word_1_5' title='bbox 824 376 973 429; x_wconf 70' lang='lat' dir='ltr'><strong><em>cereno.</em></strong></span> <span class='ocrx_word' id='word_1_6' title='bbox 992 377 1038 428; x_wconf 80' lang='grc' dir='ltr'><strong><em>ιι)</em></strong></span> <span class='ocrx_word' id='word_1_7' title='bbox 1055 377 1136 428; x_wconf 83' lang='lat' dir='ltr'><strong><em>coo.</em></strong></span> <span class='ocrx_word' id='word_1_8' title='bbox 1155 374 1191 426; x_wconf 82' lang='lat' dir='ltr'><strong><em>n⁰</em></strong></span> <span class='ocrx_word' id='word_1_9' title='bbox 1207 375 1331 427; x_wconf 76' lang='lat' dir='ltr'><strong><em>teos-ts.</em></strong></span> <span class='ocrx_word' id='word_1_10' title='bbox 1392 356 1460 428; x_wconf 84' lang='lat'><strong><em>115</em></strong></span> 
     </span>
    </p>
   </div>
   <div class='ocr_carea' id='block_1_2' title="bbox 177 564 1526 4378">
    <p class='ocr_par' dir='ltr' id='par_1_2' title="bbox 222 564 1461 932">
     <span class='ocr_line' id='line_1_2' title="bbox 224 564 1460 634; baseline -0.002 -13"><span class='ocrx_word' id='word_1_11' title='bbox 224 566 736 621; x_wconf 79' lang='lat' dir='ltr'><strong><em>obedientla.Percunclnntibusautem</em></strong></span> <span class='ocrx_word' id='word_1_12' title='bbox 749 565 801 619; x_wconf 87' lang='lat' dir='ltr'><strong><em>illis</em></strong></span> <span class='ocrx_word' id='word_1_13' title='bbox 810 582 858 620; x_wconf 89' lang='lat' dir='ltr'><strong><em>cur</em></strong></span> <span class='ocrx_word' id='word_1_14' title='bbox 867 566 921 619; x_wconf 89' lang='lat' dir='ltr'><strong><em>hoc</em></strong></span> <span class='ocrx_word' id='word_1_15' title='bbox 931 572 986 620; x_wconf 82' lang='lat' dir='ltr'><strong><em>ism</em></strong></span> <span class='ocrx_word' id='word_1_16' title='bbox 998 565 1133 620; x_wconf 77' lang='lat' dir='ltr'>invective</span> <span class='ocrx_word' id='word_1_17' title='bbox 1143 564 1329 634; x_wconf 77' lang='lat' dir='ltr'><strong><em>geminaverit.</em></strong></span> <span class='ocrx_word' id='word_1_18' title='bbox 1340 565 1460 618; x_wconf 85' lang='lat' dir='ltr'><strong><em>dicebat:</em></strong></span> 
     </span>
     <span class='ocr_line' id='line_1_3' title="bbox 225 650 1461 735; baseline -0.006 -14"><span class='ocrx_word' id='word_1_19' title='bbox 225 668 385 733; x_wconf 79' lang='lat' dir='ltr'><strong><em>Carissimi,</em></strong></span> <span class='ocrx_word' id='word_1_20' title='bbox 402 667 552 720; x_wconf 86' lang='lat' dir='ltr'><strong><em>obedientia</em></strong></span> <span class='ocrx_word' id='word_1_21' title='bbox 569 674 607 720; x_wconf 87' lang='lat' dir='ltr'><strong><em>eet</em></strong></span> <span class='ocrx_word' id='word_1_22' title='bbox 624 683 681 735; x_wconf 80' lang='lat' dir='ltr'><strong><em>que</em></strong></span> <span class='ocrx_word' id='word_1_23' title='bbox 697 667 819 732; x_wconf 85' lang='lat' dir='ltr'><strong><em>sinqulos</em></strong></span> <span class='ocrx_word' id='word_1_24' title='bbox 835 667 926 732; x_wconf 81' lang='lat' dir='ltr'><strong><em>fideles</em></strong></span> <span class='ocrx_word' id='word_1_25' title='bbox 943 667 1116 719; x_wconf 70' lang='lat' dir='ltr'><strong><em>conservabit.</em></strong></span> <span class='ocrx_word' id='word_1_26' title='bbox 1136 667 1227 719; x_wconf 87' lang='lat' dir='ltr'><strong><em>Causa</em></strong></span> <span class='ocrx_word' id='word_1_27' title='bbox 1244 667 1359 733; x_wconf 88' lang='lat' dir='ltr'><strong><em>denique</em></strong></span> <span class='ocrx_word' id='word_1_28' title='bbox 1378 650 1461 730; x_wconf 71' lang='lat' dir='ltr'><strong><em>bajus</em></strong></span> 
     </span>
     <span class='ocr_line' id='line_1_4' title="bbox 222 763 1460 833; baseline -0.003 -15"><span class='ocrx_word' id='word_1_29' title='bbox 222 766 542 833; x_wconf 76' lang='lat' dir='ltr'><strong><em>sollieitudinie,queeme</em></strong></span> <span class='ocrx_word' id='word_1_30' title='bbox 550 767 743 832; x_wconf 86' lang='lat' dir='ltr'><strong><em>coeqr&#39;ttautum</em></strong></span> <span class='ocrx_word' id='word_1_31' title='bbox 749 766 877 830; x_wconf 86' lang='lat' dir='ltr'><strong><em>qemitum</em></strong></span> <span class='ocrx_word' id='word_1_32' title='bbox 885 765 989 830; x_wconf 82' lang='lat' dir='ltr'><strong><em>efferre,</em></strong></span> <span class='ocrx_word' id='word_1_33' title='bbox 999 763 1146 824; x_wconf 79' lang='lat' dir='ltr'><strong><em>dicaeobls,</em></strong></span> <span class='ocrx_word' id='word_1_34' title='bbox 1153 780 1233 830; x_wconf 89' lang='lat' dir='ltr'><strong><em>quam</em></strong></span> <span class='ocrx_word' id='word_1_35' title='bbox 1240 763 1254 793; x_wconf 81' lang='grc'><strong><em>*</em></strong></span> <span class='ocrx_word' id='word_1_36' title='bbox 1262 771 1355 815; x_wconf 88' lang='lat' dir='ltr'><strong><em>reatus</em></strong></span> <span class='ocrx_word' id='word_1_37' title='bbox 1363 765 1460 815; x_wconf 75' lang='lat' dir='ltr'><strong><em>detinet</em></strong></span> 
     </span>
     <span class='ocr_line' id='line_1_5' title="bbox 222 863 1460 932; baseline -0.002 -16"><span class='ocrx_word' id='word_1_38' title='bbox 222 881 334 917; x_wconf 73' lang='lat' dir='ltr'><strong><em>noram.</em></strong></span> <span class='ocrx_word' id='word_1_39' title='bbox 345 866 412 917; x_wconf 87' lang='lat' dir='ltr'><strong><em>Cum</em></strong></span> <span class='ocrx_word' id='word_1_40' title='bbox 421 867 547 932; x_wconf 85' lang='lat' dir='ltr'><strong><em>primum</em></strong></span> <span class='ocrx_word' id='word_1_41' title='bbox 558 865 690 932; x_wconf 76' lang='lat' dir='ltr'><strong><em>synodum</em></strong></span> <span class='ocrx_word' id='word_1_42' title='bbox 703 864 740 928; x_wconf 82' lang='lat' dir='ltr'><strong><em>(i)</em></strong></span> <span class='ocrx_word' id='word_1_43' title='bbox 748 865 878 930; x_wconf 74' lang='lat' dir='ltr'><strong><em>praesuiis</em></strong></span> <span class='ocrx_word' id='word_1_44' title='bbox 886 865 974 915; x_wconf 77' lang='lat' dir='ltr'><strong><em>nostri</em></strong></span> <span class='ocrx_word' id='word_1_45' title='bbox 983 863 1142 915; x_wconf 79' lang='lat' dir='ltr'><strong><em>Bernhardi</em></strong></span> <span class='ocrx_word' id='word_1_46' title='bbox 1148 863 1460 929; x_wconf 89' lang='lat' dir='ltr'><strong><em>adissem,quarumdam</em></strong></span> 
     </span>
    </p>

    <p class='ocr_par' dir='ltr' id='par_1_3' title="bbox 188 962 1526 1423">
     <span class='ocr_line' id='line_1_6' title="bbox 188 962 1460 1031; baseline -0.002 -15"><span class='ocrx_word' id='word_1_47' title='bbox 188 964 396 1016; x_wconf 70' lang='lat' dir='ltr'><strong><em>suaseramus»</em></strong></span> <span class='ocrx_word' id='word_1_48' title='bbox 416 964 689 1031; x_wconf 79' lang='lat' dir='ltr'><strong><em>reprehensibilitatis</em></strong></span> <span class='ocrx_word' id='word_1_49' title='bbox 706 964 813 1030; x_wconf 86' lang='lat' dir='ltr'><strong><em>cuipam</em></strong></span> <span class='ocrx_word' id='word_1_50' title='bbox 835 964 891 1028; x_wconf 87' lang='lat' dir='ltr'><strong><em>ipse</em></strong></span> <span class='ocrx_word' id='word_1_51' title='bbox 907 962 1010 1028; x_wconf 75' lang='lat' dir='ltr'><strong><em>presul</em></strong></span> <span class='ocrx_word' id='word_1_52' title='bbox 1027 969 1145 1025; x_wconf 74' lang='lat' dir='ltr'><strong><em>eiecerat,</em></strong></span> <span class='ocrx_word' id='word_1_53' title='bbox 1161 962 1232 1014; x_wconf 86' lang='lat' dir='ltr'><strong><em>banc</em></strong></span> <span class='ocrx_word' id='word_1_54' title='bbox 1249 962 1376 1024; x_wconf 75' lang='lat' dir='ltr'><strong><em>videlieet,</em></strong></span> <span class='ocrx_word' id='word_1_55' title='bbox 1387 963 1460 1028; x_wconf 89' lang='lat' dir='ltr'><strong><em>quod</em></strong></span> 
     </span>
     <span class='ocr_line' id='line_1_7' title="bbox 213 1062 1459 1130; baseline -0.001 -17"><span class='ocrx_word' id='word_1_56' title='bbox 213 1064 361 1129; x_wconf 74' lang='lat' dir='ltr'><strong><em>jejunium</em></strong></span> <span class='ocrx_word' id='word_1_57' title='bbox 378 1063 536 1130; x_wconf 82' lang='lat' dir='ltr'><strong><em>septembris</em></strong></span> <span class='ocrx_word' id='word_1_58' title='bbox 557 1065 655 1115; x_wconf 78' lang='lat' dir='ltr'><strong><em>merssis</em></strong></span> <span class='ocrx_word' id='word_1_59' title='bbox 676 1079 705 1115; x_wconf 91' lang='lat' dir='ltr'><strong><em>eo</em></strong></span> <span class='ocrx_word' id='word_1_60' title='bbox 722 1069 811 1114; x_wconf 76' lang='lat' dir='ltr'><strong><em>tentore</em></strong></span> <span class='ocrx_word' id='word_1_61' title='bbox 833 1078 885 1128; x_wconf 92' lang='lat' dir='ltr'><strong><em>quo</em></strong></span> <span class='ocrx_word' id='word_1_62' title='bbox 902 1063 960 1128; x_wconf 88' lang='lat' dir='ltr'><strong><em>ipee</em></strong></span> <span class='ocrx_word' id='word_1_63' title='bbox 978 1062 1112 1113; x_wconf 75' lang='lat' dir='ltr'><strong><em>universis</em></strong></span> <span class='ocrx_word' id='word_1_64' title='bbox 1130 1062 1277 1124; x_wconf 89' lang='lat' dir='ltr'><strong><em>indiderat,</em></strong></span> <span class='ocrx_word' id='word_1_65' title='bbox 1290 1078 1343 1112; x_wconf 92' lang='lat' dir='ltr'><strong><em>non</em></strong></span> <span class='ocrx_word' id='word_1_66' title='bbox 1357 1063 1459 1112; x_wconf 75' lang='lat' dir='ltr'><strong><em>executi</em></strong></span> 
     </span>
     <span class='ocr_line' id='line_1_8' title="bbox 218 1160 1459 1227; baseline -0.003 -13"><span class='ocrx_word' id='word_1_67' title='bbox 218 1162 337 1225; x_wconf 75' lang='lat' dir='ltr'><strong><em>sueram</em></strong></span> <span class='ocrx_word' id='word_1_68' title='bbox 348 1164 378 1213; x_wconf 85' lang='lat' dir='ltr'><strong><em>in</em></strong></span> <span class='ocrx_word' id='word_1_69' title='bbox 391 1179 506 1214; x_wconf 80' lang='lat' dir='ltr'><strong><em>suarum</em></strong></span> <span class='ocrx_word' id='word_1_70' title='bbox 519 1162 690 1215; x_wconf 85' lang='lat' dir='ltr'><strong><em>ecclesiarum</em></strong></span> <span class='ocrx_word' id='word_1_71' title='bbox 703 1163 837 1227; x_wconf 83' lang='lat' dir='ltr'><strong><em>cornpetis.</em></strong></span> <span class='ocrx_word' id='word_1_72' title='bbox 851 1160 1022 1227; x_wconf 77' lang='lat' dir='ltr'><strong><em>Quaqnopter</em></strong></span> <span class='ocrx_word' id='word_1_73' title='bbox 1039 1162 1200 1227; x_wconf 80' lang='lat' dir='ltr'><strong><em>quicumque</em></strong></span> <span class='ocrx_word' id='word_1_74' title='bbox 1219 1161 1304 1225; x_wconf 75' lang='lat' dir='ltr'><strong><em>liujus</em></strong></span> <span class='ocrx_word' id='word_1_75' title='bbox 1323 1161 1459 1212; x_wconf 85' lang='lat' dir='ltr'><strong><em>realitatis</em></strong></span> 
     </span>
     <span class='ocr_line' id='line_1_9' title="bbox 219 1257 1459 1324; baseline -0.002 -15"><span class='ocrx_word' id='word_1_76' title='bbox 219 1266 314 1310; x_wconf 68' lang='lat' dir='ltr'><strong><em>nutum</em></strong></span> <span class='ocrx_word' id='word_1_77' title='bbox 326 1258 474 1321; x_wconf 75' lang='lat' dir='ltr'><strong><em>habuisset,</em></strong></span> <span class='ocrx_word' id='word_1_78' title='bbox 491 1261 519 1310; x_wconf 87' lang='lat' dir='ltr'><strong><em>iu</em></strong></span> <span class='ocrx_word' id='word_1_79' title='bbox 538 1259 655 1310; x_wconf 86' lang='lat' dir='ltr'><strong><em>medium</em></strong></span> <span class='ocrx_word' id='word_1_80' title='bbox 667 1259 809 1324; x_wconf 82' lang='lat' dir='ltr'><strong><em>procedere</em></strong></span> <span class='ocrx_word' id='word_1_81' title='bbox 825 1274 876 1322; x_wconf 90' lang='lat' dir='ltr'><strong><em>pro</em></strong></span> <span class='ocrx_word' id='word_1_82' title='bbox 887 1258 1027 1309; x_wconf 88' lang='lat' dir='ltr'><strong><em>subeunda</em></strong></span> <span class='ocrx_word' id='word_1_83' title='bbox 1045 1259 1230 1322; x_wconf 74' lang='lat' dir='ltr'><strong><em>satisfactione</em></strong></span> <span class='ocrx_word' id='word_1_84' title='bbox 1240 1259 1340 1322; x_wconf 86' lang='lat' dir='ltr'><strong><em>jussus</em></strong></span> <span class='ocrx_word' id='word_1_85' title='bbox 1352 1264 1397 1320; x_wconf 85' lang='lat' dir='ltr'><strong><em>est,</em></strong></span> <span class='ocrx_word' id='word_1_86' title='bbox 1409 1257 1459 1308; x_wconf 74' lang='lat' dir='ltr'><strong><em>serii</em></strong></span> 
     </span>
     <span class='ocr_line' id='line_1_10' title="bbox 219 1356 1526 1423; baseline 0 -15"><span class='ocrx_word' id='word_1_87' title='bbox 219 1356 329 1415; x_wconf 80' lang='lat' dir='ltr'><strong><em>obtentu</em></strong></span> <span class='ocrx_word' id='word_1_88' title='bbox 345 1373 412 1410; x_wconf 77' lang='lat' dir='ltr'><strong><em>ecre</em></strong></span> <span class='ocrx_word' id='word_1_89' title='bbox 423 1359 583 1410; x_wconf 80' lang='lat' dir='ltr'><strong><em>obedientie.</em></strong></span> <span class='ocrx_word' id='word_1_90' title='bbox 595 1357 647 1409; x_wconf 86' lang='lat' dir='ltr'><strong><em>Sed</em></strong></span> <span class='ocrx_word' id='word_1_91' title='bbox 664 1373 718 1423; x_wconf 83' lang='lat' dir='ltr'><strong><em>eqo,</em></strong></span> <span class='ocrx_word' id='word_1_92' title='bbox 729 1356 810 1422; x_wconf 78' lang='lat' dir='ltr'><strong><em>procu</em></strong></span> <span class='ocrx_word' id='word_1_93' title='bbox 824 1356 909 1419; x_wconf 88' lang='lat' dir='ltr'><strong><em>dolor,</em></strong></span> <span class='ocrx_word' id='word_1_94' title='bbox 922 1358 970 1422; x_wconf 89' lang='lat' dir='ltr'><strong><em>qui</em></strong></span> <span class='ocrx_word' id='word_1_95' title='bbox 987 1356 1025 1407; x_wconf 85' lang='lat' dir='ltr'><strong><em>ibi</em></strong></span> <span class='ocrx_word' id='word_1_96' title='bbox 1042 1358 1174 1408; x_wconf 87' lang='lat' dir='ltr'><strong><em>recentius</em></strong></span> <span class='ocrx_word' id='word_1_97' title='bbox 1185 1358 1353 1420; x_wconf 73' lang='lat' dir='ltr'><strong><em>adveneram,</em></strong></span> <span class='ocrx_word' id='word_1_98' title='bbox 1365 1372 1457 1423; x_wconf 87' lang='lat' dir='ltr'><strong><em>pracc-</em></strong></span> <span class='ocrx_word' id='word_1_99' title='bbox 1522 1356 1526 1363; x_wconf 89' lang='lat'>&#39;</span> 
     </span>
    </p>

    <p class='ocr_par' dir='ltr' id='par_1_4' title="bbox 177 1454 1459 1621">
     <span class='ocr_line' id='line_1_11' title="bbox 177 1454 1459 1520; baseline -0.002 -15"><span class='ocrx_word' id='word_1_100' title='bbox 177 1462 203 1509; x_wconf 85' lang='lat' dir='ltr'><strong><em>to</em></strong></span> <span class='ocrx_word' id='word_1_101' title='bbox 220 1455 287 1506; x_wconf 85' lang='lat' dir='ltr'><strong><em>dere</em></strong></span> <span class='ocrx_word' id='word_1_102' title='bbox 297 1455 332 1506; x_wconf 92' lang='lat' dir='ltr'><strong><em>ob</em></strong></span> <span class='ocrx_word' id='word_1_103' title='bbox 340 1456 528 1507; x_wconf 83' lang='lat' dir='ltr'><strong><em>verecundiam</em></strong></span> <span class='ocrx_word' id='word_1_104' title='bbox 542 1457 623 1507; x_wconf 88' lang='lat' dir='ltr'><strong><em>amisi</em></strong></span> <span class='ocrx_word' id='word_1_105' title='bbox 629 1473 639 1505; x_wconf 95' lang='lat'><em>:</em></span> <span class='ocrx_word' id='word_1_106' title='bbox 652 1471 705 1520; x_wconf 91' lang='lat' dir='ltr'><strong><em>qua</em></strong></span> <span class='ocrx_word' id='word_1_107' title='bbox 718 1455 776 1506; x_wconf 89' lang='lat' dir='ltr'><strong><em>sola</em></strong></span> <span class='ocrx_word' id='word_1_108' title='bbox 789 1455 821 1505; x_wconf 78' lang='lat' dir='ltr'><strong><em>ae</em></strong></span> <span class='ocrx_word' id='word_1_109' title='bbox 833 1470 917 1505; x_wconf 77' lang='lat' dir='ltr'><strong><em>ccreesc</em></strong></span> <span class='ocrx_word' id='word_1_110' title='bbox 926 1454 1020 1506; x_wconf 89' lang='lat' dir='ltr'><strong><em>triduo</em></strong></span> <span class='ocrx_word' id='word_1_111' title='bbox 1030 1460 1092 1505; x_wconf 78' lang='lat' dir='ltr'><strong><em>arete</em></strong></span> <span class='ocrx_word' id='word_1_112' title='bbox 1100 1455 1249 1506; x_wconf 87' lang='lat' dir='ltr'><strong><em>transitum</em></strong></span> <span class='ocrx_word' id='word_1_113' title='bbox 1258 1454 1290 1505; x_wconf 89' lang='lat' dir='ltr'><strong><em>de</em></strong></span> <span class='ocrx_word' id='word_1_114' title='bbox 1299 1469 1418 1519; x_wconf 85' lang='lat' dir='ltr'><strong><em>corpore,</em></strong></span> <span class='ocrx_word' id='word_1_115' title='bbox 1427 1469 1459 1504; x_wconf 88' lang='lat' dir='ltr'><strong><em>ac</em></strong></span> 
     </span>
     <span class='ocr_line' id='line_1_12' title="bbox 220 1554 842 1621; baseline 0 -17"><span class='ocrx_word' id='word_1_116' title='bbox 220 1554 324 1620; x_wconf 84' lang='lat' dir='ltr'><strong><em>quinos</em></strong></span> <span class='ocrx_word' id='word_1_117' title='bbox 333 1561 403 1620; x_wconf 85' lang='lat' dir='ltr'><strong><em>poet,</em></strong></span> <span class='ocrx_word' id='word_1_118' title='bbox 412 1554 537 1621; x_wconf 82' lang='lat' dir='ltr'><strong><em>panales</em></strong></span> <span class='ocrx_word' id='word_1_119' title='bbox 547 1554 695 1606; x_wconf 82' lang='lat' dir='ltr'><strong><em>babituros</em></strong></span> <span class='ocrx_word' id='word_1_120' title='bbox 706 1569 765 1605; x_wconf 79' lang='lat' dir='ltr'><strong><em>suns</em></strong></span> <span class='ocrx_word' id='word_1_121' title='bbox 776 1554 842 1605; x_wconf 84' lang='lat' dir='ltr'><strong><em>dies.</em></strong></span> 
     </span>
    </p>

    <p class='ocr_par' dir='ltr' id='par_1_5' title="bbox 220 1646 1459 1913">
     <span class='ocr_line' id='line_1_13' title="bbox 265 1646 1459 1716; baseline -0.005 -10"><span class='ocrx_word' id='word_1_122' title='bbox 265 1647 327 1706; x_wconf 76' lang='lat'><strong><em>24.</em></strong></span> <span class='ocrx_word' id='word_1_123' title='bbox 348 1649 413 1703; x_wconf 82' lang='lat' dir='ltr'><strong><em>Haec</em></strong></span> <span class='ocrx_word' id='word_1_124' title='bbox 425 1648 616 1716; x_wconf 71' lang='lat' dir='ltr'><strong><em>gemebundus</em></strong></span> <span class='ocrx_word' id='word_1_125' title='bbox 634 1652 800 1712; x_wconf 81' lang='lat' dir='ltr'><strong><em>contestans,</em></strong></span> <span class='ocrx_word' id='word_1_126' title='bbox 817 1653 847 1700; x_wconf 90' lang='lat' dir='ltr'><strong><em>ul</em></strong></span> <span class='ocrx_word' id='word_1_127' title='bbox 866 1647 941 1700; x_wconf 85' lang='lat' dir='ltr'><strong><em>fandi</em></strong></span> <span class='ocrx_word' id='word_1_128' title='bbox 960 1646 1116 1700; x_wconf 80' lang='lat' dir='ltr'><strong><em>facultatem</em></strong></span> <span class='ocrx_word' id='word_1_129' title='bbox 1136 1651 1199 1714; x_wconf 87' lang='lat' dir='ltr'><strong><em>post</em></strong></span> <span class='ocrx_word' id='word_1_130' title='bbox 1214 1651 1310 1699; x_wconf 84' lang='lat' dir='ltr'><strong><em>nactus</em></strong></span> <span class='ocrx_word' id='word_1_131' title='bbox 1328 1652 1384 1699; x_wconf 87' lang='lat' dir='ltr'><strong><em>est:</em></strong></span> <span class='ocrx_word' id='word_1_132' title='bbox 1396 1648 1459 1713; x_wconf 79' lang='lat' dir='ltr'><strong><em>Qtuu</em></strong></span> 
     </span>
     <span class='ocr_line' id='line_1_14' title="bbox 220 1745 1458 1816; baseline -0.004 -14"><span class='ocrx_word' id='word_1_133' title='bbox 220 1750 365 1816; x_wconf 85' lang='lat' dir='ltr'><strong><em>propbeta,</em></strong></span> <span class='ocrx_word' id='word_1_134' title='bbox 374 1746 420 1811; x_wconf 85' lang='lat' dir='ltr'><strong><em>nil,</em></strong></span> <span class='ocrx_word' id='word_1_135' title='bbox 432 1748 541 1800; x_wconf 67' lang='lat' dir='ltr'><strong><em>Sanum</em></strong></span> <span class='ocrx_word' id='word_1_136' title='bbox 552 1749 589 1799; x_wconf 91' lang='lat' dir='ltr'><strong><em>ad</em></strong></span> <span class='ocrx_word' id='word_1_137' title='bbox 597 1746 666 1798; x_wconf 83' lang='lat' dir='ltr'><strong><em>Saul</em></strong></span> <span class='ocrx_word' id='word_1_138' title='bbox 677 1763 772 1811; x_wconf 76' lang='lat' dir='ltr'><strong><em>repens,</em></strong></span> <span class='ocrx_word' id='word_1_139' title='bbox 785 1747 817 1799; x_wconf 90' lang='lat' dir='ltr'><strong><em>de</em></strong></span> <span class='ocrx_word' id='word_1_140' title='bbox 829 1746 1007 1799; x_wconf 82' lang='lat' dir='ltr'><strong><em>inobedientia</em></strong></span> <span class='ocrx_word' id='word_1_141' title='bbox 1020 1761 1078 1797; x_wconf 90' lang='lat' dir='ltr'><strong><em>eum</em></strong></span> <span class='ocrx_word' id='word_1_142' title='bbox 1089 1745 1249 1811; x_wconf 82' lang='lat' dir='ltr'><strong><em>corripiens.</em></strong></span> <span class='ocrx_word' id='word_1_143' title='bbox 1261 1746 1372 1810; x_wconf 77' lang='lat' dir='ltr'><strong><em>dixerit,</em></strong></span> <span class='ocrx_word' id='word_1_144' title='bbox 1386 1746 1458 1797; x_wconf 85' lang='lat' dir='ltr'><strong><em>robis</em></strong></span> 
     </span>
     <span class='ocr_line' id='line_1_15' title="bbox 224 1843 1457 1913; baseline -0.005 -14"><span class='ocrx_word' id='word_1_145' title='bbox 224 1848 369 1913; x_wconf 76' lang='lat' dir='ltr'><strong><em>replicabo,</em></strong></span> <span class='ocrx_word' id='word_1_146' title='bbox 379 1854 407 1898; x_wconf 90' lang='lat' dir='ltr'><strong><em>ut</em></strong></span> <span class='ocrx_word' id='word_1_147' title='bbox 416 1862 445 1898; x_wconf 90' lang='lat' dir='ltr'><strong><em>eo</em></strong></span> <span class='ocrx_word' id='word_1_148' title='bbox 457 1847 576 1898; x_wconf 74' lang='lat' dir='ltr'><strong><em>desertius</em></strong></span> <span class='ocrx_word' id='word_1_149' title='bbox 585 1860 646 1897; x_wconf 76' lang='lat' dir='ltr'><strong><em>enea</em></strong></span> <span class='ocrx_word' id='word_1_150' title='bbox 653 1847 759 1912; x_wconf 79' lang='lat' dir='ltr'><strong><em>ponatt</em></strong></span> <span class='ocrx_word' id='word_1_151' title='bbox 767 1846 918 1896; x_wconf 87' lang='lat' dir='ltr'><strong><em>calamitati</em></strong></span> <span class='ocrx_word' id='word_1_152' title='bbox 926 1845 1131 1910; x_wconf 77' lang='lat' dir='ltr'><strong><em>compatiamini</em></strong></span> <span class='ocrx_word' id='word_1_153' title='bbox 1137 1843 1338 1910; x_wconf 77' lang='lat' dir='ltr'><strong><em>obedientiaque</em></strong></span> <span class='ocrx_word' id='word_1_154' title='bbox 1348 1860 1457 1910; x_wconf 87' lang='lat' dir='ltr'><strong><em>operam</em></strong></span> 
     </span>
    </p>

    <p class='ocr_par' dir='ltr' id='par_1_6' title="bbox 180 1940 1460 2901">
     <span class='ocr_line' id='line_1_16' title="bbox 180 1940 1457 2010; baseline -0.003 -14"><span class='ocrx_word' id='word_1_155' title='bbox 180 1953 209 2000; x_wconf 71' lang='lat' dir='ltr'><strong><em>lb</em></strong></span> <span class='ocrx_word' id='word_1_156' title='bbox 225 1946 293 1996; x_wconf 82' lang='lat' dir='ltr'><strong><em>adeo</em></strong></span> <span class='ocrx_word' id='word_1_157' title='bbox 302 1945 480 1997; x_wconf 85' lang='lat' dir='ltr'><strong><em>neceesarium</em></strong></span> <span class='ocrx_word' id='word_1_158' title='bbox 492 1958 640 2010; x_wconf 75' lang='lat' dir='ltr'><strong><em>eruntquam</em></strong></span> <span class='ocrx_word' id='word_1_159' title='bbox 647 1943 825 2009; x_wconf 87' lang='lat' dir='ltr'><strong><em>postponatis.</em></strong></span> <span class='ocrx_word' id='word_1_160' title='bbox 835 1942 885 1993; x_wconf 76' lang='lat' dir='ltr'><strong><em>Ait</em></strong></span> <span class='ocrx_word' id='word_1_161' title='bbox 896 1943 965 1993; x_wconf 87' lang='lat' dir='ltr'><strong><em>enim</em></strong></span> <span class='ocrx_word' id='word_1_162' title='bbox 975 1959 984 1992; x_wconf 95' lang='lat'><em>:</em></span> <span class='ocrx_word' id='word_1_163' title='bbox 996 1944 1006 1963; x_wconf 71' lang='lat'><strong><em>⁴</em></strong></span> <span class='ocrx_word' id='word_1_164' title='bbox 1021 1940 1161 2007; x_wconf 82' lang='lat' dir='ltr'><strong><em>Numquid</em></strong></span> <span class='ocrx_word' id='word_1_165' title='bbox 1172 1941 1228 1992; x_wconf 79' lang='lat' dir='ltr'><strong><em>nteit</em></strong></span> <span class='ocrx_word' id='word_1_166' title='bbox 1240 1941 1374 1992; x_wconf 89' lang='lat' dir='ltr'><strong><em>Dominus</em></strong></span> <span class='ocrx_word' id='word_1_167' title='bbox 1385 1941 1457 1992; x_wconf 86' lang='lat' dir='ltr'><strong><em>bolo·</em></strong></span> 
     </span>
     <span class='ocr_line' id='line_1_17' title="bbox 226 2040 1457 2108; baseline -0.001 -15"><span class='ocrx_word' id='word_1_168' title='bbox 226 2052 322 2095; x_wconf 79' lang='lat' dir='ltr'><strong><em>causta</em></strong></span> <span class='ocrx_word' id='word_1_169' title='bbox 334 2051 358 2096; x_wconf 85' lang='lat' dir='ltr'><strong><em>et</em></strong></span> <span class='ocrx_word' id='word_1_170' title='bbox 368 2045 499 2107; x_wconf 84' lang='lat' dir='ltr'><strong><em>cietineas,</em></strong></span> <span class='ocrx_word' id='word_1_171' title='bbox 511 2050 534 2094; x_wconf 91' lang='lat' dir='ltr'><strong><em>et</em></strong></span> <span class='ocrx_word' id='word_1_172' title='bbox 546 2058 598 2094; x_wconf 90' lang='lat' dir='ltr'><strong><em>nau</em></strong></span> <span class='ocrx_word' id='word_1_173' title='bbox 609 2043 667 2108; x_wconf 92' lang='lat' dir='ltr'><strong><em>poti</em></strong></span> <span class='ocrx_word' id='word_1_174' title='bbox 670 2059 701 2093; x_wconf 89' lang='lat' dir='ltr'><strong><em>us</em></strong></span> <span class='ocrx_word' id='word_1_175' title='bbox 719 2049 747 2093; x_wconf 86' lang='lat' dir='ltr'><strong><em>ul</em></strong></span> <span class='ocrx_word' id='word_1_176' title='bbox 759 2042 925 2094; x_wconf 81' lang='lat' dir='ltr'><strong><em>obaudiatur</em></strong></span> <span class='ocrx_word' id='word_1_177' title='bbox 936 2043 992 2092; x_wconf 78' lang='lat' dir='ltr'><strong><em>coci</em></strong></span> <span class='ocrx_word' id='word_1_178' title='bbox 1003 2040 1136 2093; x_wconf 81' lang='lat' dir='ltr'><strong><em>Domini?</em></strong></span> <span class='ocrx_word' id='word_1_179' title='bbox 1148 2040 1246 2091; x_wconf 83' lang='lat' dir='ltr'><strong><em>Melior</em></strong></span> <span class='ocrx_word' id='word_1_180' title='bbox 1260 2047 1298 2092; x_wconf 86' lang='lat' dir='ltr'><strong><em>eet</em></strong></span> <span class='ocrx_word' id='word_1_181' title='bbox 1315 2042 1385 2091; x_wconf 88' lang='lat' dir='ltr'><strong><em>enim</em></strong></span> <span class='ocrx_word' id='word_1_182' title='bbox 1402 2040 1457 2092; x_wconf 86' lang='lat' dir='ltr'><strong><em>obe·</em></strong></span> 
     </span>
     <span class='ocr_line' id='line_1_18' title="bbox 230 2140 1458 2209; baseline -0.002 -18"><span class='ocrx_word' id='word_1_183' title='bbox 230 2142 331 2194; x_wconf 76' lang='lat' dir='ltr'><strong><em>dictitia</em></strong></span> <span class='ocrx_word' id='word_1_184' title='bbox 343 2159 423 2209; x_wconf 87' lang='lat' dir='ltr'><strong><em>quum</em></strong></span> <span class='ocrx_word' id='word_1_185' title='bbox 435 2144 554 2207; x_wconf 75' lang='lat' dir='ltr'><strong><em>victime,</em></strong></span> <span class='ocrx_word' id='word_1_186' title='bbox 563 2149 588 2192; x_wconf 91' lang='lat' dir='ltr'><strong><em>et</em></strong></span> <span class='ocrx_word' id='word_1_187' title='bbox 600 2143 756 2193; x_wconf 85' lang='lat' dir='ltr'><strong><em>attscultare</em></strong></span> <span class='ocrx_word' id='word_1_188' title='bbox 765 2142 853 2206; x_wconf 76' lang='lat' dir='ltr'><strong><em>strapis</em></strong></span> <span class='ocrx_word' id='word_1_189' title='bbox 865 2157 944 2207; x_wconf 88' lang='lat' dir='ltr'><strong><em>qnam</em></strong></span> <span class='ocrx_word' id='word_1_190' title='bbox 958 2141 1056 2205; x_wconf 79' lang='lat' dir='ltr'><strong><em>offerre</em></strong></span> <span class='ocrx_word' id='word_1_191' title='bbox 1065 2140 1171 2204; x_wconf 83' lang='lat' dir='ltr'><strong><em>adipem</em></strong></span> <span class='ocrx_word' id='word_1_192' title='bbox 1184 2141 1300 2191; x_wconf 74' lang='lat' dir='ltr'><strong><em>aricinum</em></strong></span> <span class='ocrx_word' id='word_1_193' title='bbox 1307 2157 1319 2203; x_wconf 91' lang='lat'><strong><em>,·</em></strong></span> <span class='ocrx_word' id='word_1_194' title='bbox 1330 2142 1458 2206; x_wconf 91' lang='lat' dir='ltr'><strong><em>quoniam</em></strong></span> 
     </span>
     <span class='ocr_line' id='line_1_19' title="bbox 233 2240 1456 2307; baseline -0.001 -16"><span class='ocrx_word' id='word_1_195' title='bbox 233 2244 312 2306; x_wconf 85' lang='lat' dir='ltr'><strong><em>quasi</em></strong></span> <span class='ocrx_word' id='word_1_196' title='bbox 317 2249 453 2307; x_wconf 86' lang='lat' dir='ltr'><strong><em>peecatum</em></strong></span> <span class='ocrx_word' id='word_1_197' title='bbox 462 2241 604 2293; x_wconf 82' lang='lat' dir='ltr'><strong><em>ariolandi</em></strong></span> <span class='ocrx_word' id='word_1_198' title='bbox 612 2247 650 2292; x_wconf 87' lang='lat' dir='ltr'><strong><em>est</em></strong></span> <span class='ocrx_word' id='word_1_199' title='bbox 658 2257 812 2306; x_wconf 85' lang='lat' dir='ltr'><strong><em>repuqnarc</em></strong></span> <span class='ocrx_word' id='word_1_200' title='bbox 821 2247 843 2292; x_wconf 86' lang='lat' dir='ltr'><strong><em>et</em></strong></span> <span class='ocrx_word' id='word_1_201' title='bbox 853 2241 935 2306; x_wconf 87' lang='lat' dir='ltr'><strong><em>quasi</em></strong></span> <span class='ocrx_word' id='word_1_202' title='bbox 943 2240 1029 2291; x_wconf 84' lang='lat' dir='ltr'><strong><em>scelus</em></strong></span> <span class='ocrx_word' id='word_1_203' title='bbox 1040 2240 1172 2291; x_wconf 83' lang='lat' dir='ltr'><strong><em>idolatria</em></strong></span> <span class='ocrx_word' id='word_1_204' title='bbox 1186 2240 1254 2290; x_wconf 90' lang='lat' dir='ltr'><strong><em>nolle</em></strong></span> <span class='ocrx_word' id='word_1_205' title='bbox 1263 2242 1436 2305; x_wconf 82' lang='lat' dir='ltr'><strong><em>acquiescere.</em></strong></span> <span class='ocrx_word' id='word_1_206' title='bbox 1446 2280 1456 2303; x_wconf 85' lang='lat'><strong><em>,</em></strong></span> 
     </span>
     <span class='ocr_line' id='line_1_20' title="bbox 238 2337 1458 2407; baseline 0.001 -17"><span class='ocrx_word' id='word_1_207' title='bbox 238 2338 276 2390; x_wconf 85' lang='lat' dir='ltr'><strong><em>De</em></strong></span> <span class='ocrx_word' id='word_1_208' title='bbox 285 2340 379 2407; x_wconf 87' lang='lat' dir='ltr'><strong><em>quibus</em></strong></span> <span class='ocrx_word' id='word_1_209' title='bbox 398 2340 486 2392; x_wconf 69' lang='lat' dir='ltr'><strong><em>serbis</em></strong></span> <span class='ocrx_word' id='word_1_210' title='bbox 497 2341 565 2406; x_wconf 89' lang='lat' dir='ltr'><strong><em>quid</em></strong></span> <span class='ocrx_word' id='word_1_211' title='bbox 576 2339 668 2391; x_wconf 89' lang='lat' dir='ltr'><strong><em>beatus</em></strong></span> <span class='ocrx_word' id='word_1_212' title='bbox 688 2337 847 2404; x_wconf 81' lang='lat' dir='ltr'><strong><em>Greqorius,</em></strong></span> <span class='ocrx_word' id='word_1_213' title='bbox 859 2354 992 2404; x_wconf 75' lang='lat' dir='ltr'><strong><em>otpertum</em></strong></span> <span class='ocrx_word' id='word_1_214' title='bbox 1005 2340 1092 2390; x_wconf 78' lang='lat' dir='ltr'><strong><em>satiati</em></strong></span> <span class='ocrx_word' id='word_1_215' title='bbox 1109 2337 1239 2404; x_wconf 81' lang='lat' dir='ltr'><strong><em>Spiritus,</em></strong></span> <span class='ocrx_word' id='word_1_216' title='bbox 1250 2341 1357 2402; x_wconf 86' lang='lat' dir='ltr'><strong><em>sentiat,</em></strong></span> <span class='ocrx_word' id='word_1_217' title='bbox 1372 2356 1458 2391; x_wconf 85' lang='lat' dir='ltr'><strong><em>receu-</em></strong></span> 
     </span>
     <span class='ocr_line' id='line_1_21' title="bbox 198 2436 1460 2505; baseline 0 -15"><span class='ocrx_word' id='word_1_218' title='bbox 198 2440 228 2490; x_wconf 69' lang='lat' dir='ltr'><strong><em>ti</em></strong></span> <span class='ocrx_word' id='word_1_219' title='bbox 242 2439 344 2489; x_wconf 78' lang='lat' dir='ltr'><strong><em>eeudcon</em></strong></span> <span class='ocrx_word' id='word_1_220' title='bbox 355 2447 444 2491; x_wconf 78' lang='lat' dir='ltr'><strong><em>reare</em></strong></span> <span class='ocrx_word' id='word_1_221' title='bbox 451 2440 565 2490; x_wconf 89' lang='lat' dir='ltr'><strong><em>caritati</em></strong></span> <span class='ocrx_word' id='word_1_222' title='bbox 571 2436 666 2504; x_wconf 76' lang='lat' dir='ltr'><strong><em>puto.¹‘</em></strong></span> <span class='ocrx_word' id='word_1_223' title='bbox 679 2438 842 2500; x_wconf 79' lang='lat' dir='ltr'><strong><em>Obedieetia,</em></strong></span> <span class='ocrx_word' id='word_1_224' title='bbox 850 2439 946 2504; x_wconf 90' lang='lat' dir='ltr'><strong><em>inquii,</em></strong></span> <span class='ocrx_word' id='word_1_225' title='bbox 955 2439 1071 2489; x_wconf 79' lang='lat' dir='ltr'><strong><em>victimis</em></strong></span> <span class='ocrx_word' id='word_1_226' title='bbox 1075 2437 1143 2502; x_wconf 87' lang='lat' dir='ltr'><strong><em>jure</em></strong></span> <span class='ocrx_word' id='word_1_227' title='bbox 1151 2439 1327 2504; x_wconf 73' lang='lat' dir='ltr'><strong><em>proponitur,</em></strong></span> <span class='ocrx_word' id='word_1_228' title='bbox 1336 2440 1402 2505; x_wconf 88' lang='lat' dir='ltr'><strong><em>quia</em></strong></span> <span class='ocrx_word' id='word_1_229' title='bbox 1408 2456 1460 2505; x_wconf 85' lang='lat' dir='ltr'><strong><em>per</em></strong></span> 
     </span>
     <span class='ocr_line' id='line_1_22' title="bbox 246 2537 1460 2605; baseline 0.004 -19"><span class='ocrx_word' id='word_1_230' title='bbox 246 2537 354 2589; x_wconf 70' lang='lat' dir='ltr'><strong><em>victimas</em></strong></span> <span class='ocrx_word' id='word_1_231' title='bbox 363 2554 425 2591; x_wconf 89' lang='lat' dir='ltr'><strong><em>caro</em></strong></span> <span class='ocrx_word' id='word_1_232' title='bbox 437 2539 538 2601; x_wconf 85' lang='lat' dir='ltr'><strong><em>aliena,</em></strong></span> <span class='ocrx_word' id='word_1_233' title='bbox 549 2554 599 2602; x_wconf 87' lang='lat' dir='ltr'><strong><em>per</em></strong></span> <span class='ocrx_word' id='word_1_234' title='bbox 610 2538 786 2590; x_wconf 87' lang='lat' dir='ltr'><strong><em>obedientiam</em></strong></span> <span class='ocrx_word' id='word_1_235' title='bbox 806 2553 865 2588; x_wconf 88' lang='lat' dir='ltr'><strong><em>rere</em></strong></span> <span class='ocrx_word' id='word_1_236' title='bbox 877 2537 1001 2588; x_wconf 80' lang='lat' dir='ltr'><strong><em>colendas</em></strong></span> <span class='ocrx_word' id='word_1_237' title='bbox 1014 2538 1130 2602; x_wconf 87' lang='lat' dir='ltr'><strong><em>propria</em></strong></span> <span class='ocrx_word' id='word_1_238' title='bbox 1142 2543 1284 2589; x_wconf 75' lang='lat' dir='ltr'><strong><em>retactatur.</em></strong></span> <span class='ocrx_word' id='word_1_239' title='bbox 1301 2538 1386 2591; x_wconf 87' lang='lat' dir='ltr'><strong><em>Tanto</em></strong></span> <span class='ocrx_word' id='word_1_240' title='bbox 1398 2555 1460 2605; x_wconf 87' lang='lat' dir='ltr'><strong><em>erqo</em></strong></span> 
     </span>
     <span class='ocr_line' id='line_1_23' title="bbox 251 2636 1460 2703; baseline 0.006 -20"><span class='ocrx_word' id='word_1_241' title='bbox 251 2636 377 2701; x_wconf 77' lang='lat' dir='ltr'><strong><em>qnisquam</em></strong></span> <span class='ocrx_word' id='word_1_242' title='bbox 399 2638 484 2689; x_wconf 88' lang='lat' dir='ltr'><strong><em>Deum</em></strong></span> <span class='ocrx_word' id='word_1_243' title='bbox 502 2638 594 2702; x_wconf 89' lang='lat' dir='ltr'><strong><em>placat</em></strong></span> <span class='ocrx_word' id='word_1_244' title='bbox 609 2638 698 2701; x_wconf 89' lang='lat' dir='ltr'><strong><em>eitius,</em></strong></span> <span class='ocrx_word' id='word_1_245' title='bbox 716 2639 875 2703; x_wconf 71' lang='lat' dir='ltr'><strong><em>queaniacius</em></strong></span> <span class='ocrx_word' id='word_1_246' title='bbox 892 2651 1016 2702; x_wconf 84' lang='lat' dir='ltr'><strong><em>repressa</em></strong></span> <span class='ocrx_word' id='word_1_247' title='bbox 1040 2638 1136 2687; x_wconf 78' lang='lat' dir='ltr'><strong><em>nectitis</em></strong></span> <span class='ocrx_word' id='word_1_248' title='bbox 1153 2652 1207 2688; x_wconf 81' lang='lat' dir='ltr'><strong><em>suu</em></strong></span> <span class='ocrx_word' id='word_1_249' title='bbox 1223 2637 1351 2702; x_wconf 88' lang='lat' dir='ltr'><strong><em>superbia</em></strong></span> <span class='ocrx_word' id='word_1_250' title='bbox 1367 2639 1460 2701; x_wconf 84' lang='lat' dir='ltr'><strong><em>plodio</em></strong></span> 
     </span>
     <span class='ocr_line' id='line_1_24' title="bbox 254 2735 1460 2803; baseline 0.004 -19"><span class='ocrx_word' id='word_1_251' title='bbox 254 2737 356 2800; x_wconf 72' lang='lat' dir='ltr'><strong><em>precepti</em></strong></span> <span class='ocrx_word' id='word_1_252' title='bbox 365 2753 390 2787; x_wconf 91' lang='lat' dir='ltr'><strong><em>se</em></strong></span> <span class='ocrx_word' id='word_1_253' title='bbox 401 2738 528 2788; x_wconf 89' lang='lat' dir='ltr'><strong><em>immolat.</em></strong></span> <span class='ocrx_word' id='word_1_254' title='bbox 543 2736 600 2800; x_wconf 80' lang='lat' dir='ltr'><strong><em>Qteo</em></strong></span> <span class='ocrx_word' id='word_1_255' title='bbox 609 2742 703 2788; x_wconf 84' lang='lat' dir='ltr'><strong><em>contra</em></strong></span> <span class='ocrx_word' id='word_1_256' title='bbox 716 2736 857 2787; x_wconf 87' lang='lat' dir='ltr'><strong><em>ariolandi</em></strong></span> <span class='ocrx_word' id='word_1_257' title='bbox 865 2742 999 2800; x_wconf 85' lang='lat' dir='ltr'><strong><em>peccatum</em></strong></span> <span class='ocrx_word' id='word_1_258' title='bbox 1009 2736 1020 2785; x_wconf 90' lang='lat' dir='ltr'><strong><em>i</em></strong></span> <span class='ocrx_word' id='word_1_259' title='bbox 1022 2735 1187 2786; x_wconf 72' lang='lat' dir='ltr'><strong><em>inobedientia</em></strong></span> <span class='ocrx_word' id='word_1_260' title='bbox 1197 2736 1307 2798; x_wconf 87' lang='lat' dir='ltr'><strong><em>dicitur,</em></strong></span> <span class='ocrx_word' id='word_1_261' title='bbox 1320 2743 1348 2788; x_wconf 94' lang='lat' dir='ltr'><strong><em>ut</em></strong></span> <span class='ocrx_word' id='word_1_262' title='bbox 1357 2744 1460 2803; x_wconf 88' lang='lat' dir='ltr'><strong><em>quanta</em></strong></span> 
     </span>
     <span class='ocr_line' id='line_1_25' title="bbox 258 2830 1460 2901; baseline 0.008 -23"><span class='ocrx_word' id='word_1_263' title='bbox 258 2830 366 2886; x_wconf 82' lang='lat' dir='ltr'><strong><em>sitrirtue</em></strong></span> <span class='ocrx_word' id='word_1_264' title='bbox 376 2836 526 2887; x_wconf 73' lang='lat' dir='ltr'><strong><em>obedientis</em></strong></span> <span class='ocrx_word' id='word_1_265' title='bbox 536 2836 743 2887; x_wconf 81' lang='lat' dir='ltr'><strong><em>demonstretur.</em></strong></span> <span class='ocrx_word' id='word_1_266' title='bbox 754 2835 798 2886; x_wconf 76' lang='lat' dir='ltr'><strong><em>Ex</em></strong></span> <span class='ocrx_word' id='word_1_267' title='bbox 808 2835 922 2886; x_wconf 85' lang='lat' dir='ltr'><strong><em>aduerso</em></strong></span> <span class='ocrx_word' id='word_1_268' title='bbox 934 2850 997 2899; x_wconf 84' lang='lat' dir='ltr'><strong><em>erpo</em></strong></span> <span class='ocrx_word' id='word_1_269' title='bbox 1013 2835 1109 2885; x_wconf 87' lang='lat' dir='ltr'><strong><em>melius</em></strong></span> <span class='ocrx_word' id='word_1_270' title='bbox 1120 2835 1270 2886; x_wconf 84' lang='lat' dir='ltr'><strong><em>ostenditur</em></strong></span> <span class='ocrx_word' id='word_1_271' title='bbox 1282 2836 1349 2901; x_wconf 91' lang='lat' dir='ltr'><strong><em>quid</em></strong></span> <span class='ocrx_word' id='word_1_272' title='bbox 1361 2837 1392 2887; x_wconf 85' lang='lat' dir='ltr'><strong><em>de</em></strong></span> <span class='ocrx_word' id='word_1_273' title='bbox 1401 2837 1460 2900; x_wconf 61' lang='lat' dir='ltr'><strong><em>dees</em></strong></span> 
     </span>
    </p>

    <p class='ocr_par' dir='ltr' id='par_1_7' title="bbox 220 2925 1461 3295">
     <span class='ocr_line' id='line_1_26' title="bbox 220 2925 1460 3000; baseline 0.01 -26"><span class='ocrx_word' id='word_1_274' title='bbox 220 2926 248 2975; x_wconf 76' lang='lat' dir='ltr'><strong><em>tt</em></strong></span> <span class='ocrx_word' id='word_1_275' title='bbox 261 2925 325 2981; x_wconf 68' lang='lat' dir='ltr'><strong><em>laum</em></strong></span> <span class='ocrx_word' id='word_1_276' title='bbox 334 2935 445 2987; x_wconf 75' lang='lat' dir='ltr'><strong><em>enititur.</em></strong></span> <span class='ocrx_word' id='word_1_277' title='bbox 463 2933 495 2986; x_wconf 86' lang='lat' dir='ltr'><strong><em>Si</em></strong></span> <span class='ocrx_word' id='word_1_278' title='bbox 511 2936 580 2986; x_wconf 88' lang='lat' dir='ltr'><strong><em>enim</em></strong></span> <span class='ocrx_word' id='word_1_279' title='bbox 591 2940 729 3000; x_wconf 88' lang='lat' dir='ltr'><strong><em>peccatum</em></strong></span> <span class='ocrx_word' id='word_1_280' title='bbox 741 2935 883 2986; x_wconf 89' lang='lat' dir='ltr'><strong><em>ariolandi</em></strong></span> <span class='ocrx_word' id='word_1_281' title='bbox 895 2940 932 2986; x_wconf 87' lang='lat' dir='ltr'><strong><em>est</em></strong></span> <span class='ocrx_word' id='word_1_282' title='bbox 942 2950 1096 3000; x_wconf 83' lang='lat' dir='ltr'><strong><em>repuqnare</em></strong></span> <span class='ocrx_word' id='word_1_283' title='bbox 1108 2941 1130 2985; x_wconf 86' lang='lat' dir='ltr'><strong><em>et</em></strong></span> <span class='ocrx_word' id='word_1_284' title='bbox 1140 2935 1221 3000; x_wconf 89' lang='lat' dir='ltr'><strong><em>quasi</em></strong></span> <span class='ocrx_word' id='word_1_285' title='bbox 1232 2935 1318 2985; x_wconf 84' lang='lat' dir='ltr'><strong><em>scelus</em></strong></span> <span class='ocrx_word' id='word_1_286' title='bbox 1327 2935 1460 2987; x_wconf 77' lang='lat' dir='ltr'><strong><em>idolatria</em></strong></span> 
     </span>
     <span class='ocr_line' id='line_1_27' title="bbox 264 3026 1461 3100; baseline 0.004 -19"><span class='ocrx_word' id='word_1_287' title='bbox 264 3026 318 3077; x_wconf 77' lang='lat' dir='ltr'><strong><em>nolte</em></strong></span> <span class='ocrx_word' id='word_1_288' title='bbox 326 3034 486 3097; x_wconf 81' lang='lat' dir='ltr'><strong><em>acquiescere,</em></strong></span> <span class='ocrx_word' id='word_1_289' title='bbox 497 3034 556 3085; x_wconf 87' lang='lat' dir='ltr'><strong><em>sola</em></strong></span> <span class='ocrx_word' id='word_1_290' title='bbox 568 3039 606 3085; x_wconf 83' lang='lat' dir='ltr'><strong><em>cst</em></strong></span> <span class='ocrx_word' id='word_1_291' title='bbox 618 3033 834 3100; x_wconf 73' lang='lat' dir='ltr'><strong><em>obedientiaque</em></strong></span> <span class='ocrx_word' id='word_1_292' title='bbox 848 3034 914 3098; x_wconf 78' lang='lat' dir='ltr'><strong><em>fidei</em></strong></span> <span class='ocrx_word' id='word_1_293' title='bbox 929 3035 1055 3085; x_wconf 88' lang='lat' dir='ltr'><strong><em>meritum</em></strong></span> <span class='ocrx_word' id='word_1_294' title='bbox 1070 3034 1199 3099; x_wconf 86' lang='lat' dir='ltr'><strong><em>possidet,</em></strong></span> <span class='ocrx_word' id='word_1_295' title='bbox 1211 3049 1265 3099; x_wconf 89' lang='lat' dir='ltr'><strong><em>qua</em></strong></span> <span class='ocrx_word' id='word_1_296' title='bbox 1277 3035 1336 3084; x_wconf 91' lang='lat' dir='ltr'><strong><em>sine</em></strong></span> <span class='ocrx_word' id='word_1_297' title='bbox 1348 3035 1461 3100; x_wconf 89' lang='lat' dir='ltr'><strong><em>quisque</em></strong></span> 
     </span>
     <span class='ocr_line' id='line_1_28' title="bbox 265 3121 1459 3196; baseline 0.001 -13"><span class='ocrx_word' id='word_1_298' title='bbox 265 3121 357 3183; x_wconf 61' lang='lat' dir='ltr'><strong><em>¹&#39;ididia</em></strong></span> <span class='ocrx_word' id='word_1_299' title='bbox 369 3147 419 3183; x_wconf 87' lang='lat' dir='ltr'><strong><em>esse</em></strong></span> <span class='ocrx_word' id='word_1_300' title='bbox 430 3132 607 3196; x_wconf 86' lang='lat' dir='ltr'><strong><em>conuincitur,</em></strong></span> <span class='ocrx_word' id='word_1_301' title='bbox 626 3133 705 3182; x_wconf 89' lang='lat' dir='ltr'><strong><em>etiam</em></strong></span> <span class='ocrx_word' id='word_1_302' title='bbox 723 3133 750 3183; x_wconf 93' lang='lat' dir='ltr'><strong><em>si</em></strong></span> <span class='ocrx_word' id='word_1_303' title='bbox 764 3131 854 3196; x_wconf 70' lang='lat' dir='ltr'><strong><em>tidelis</em></strong></span> <span class='ocrx_word' id='word_1_304' title='bbox 871 3148 926 3183; x_wconf 87' lang='lat' dir='ltr'><strong><em>esse</em></strong></span> <span class='ocrx_word' id='word_1_305' title='bbox 943 3132 1075 3183; x_wconf 83' lang='lat' dir='ltr'><strong><em>rideatur.</em></strong></span> <span class='ocrx_word' id='word_1_306' title='bbox 1094 3131 1167 3183; x_wconf 84' lang='lat' dir='ltr'><strong><em>Hine</em></strong></span> <span class='ocrx_word' id='word_1_307' title='bbox 1182 3148 1231 3196; x_wconf 89' lang='lat' dir='ltr'><strong><em>per</em></strong></span> <span class='ocrx_word' id='word_1_308' title='bbox 1248 3131 1413 3183; x_wconf 80' lang='lat' dir='ltr'><strong><em>Salomonem</em></strong></span> <span class='ocrx_word' id='word_1_309' title='bbox 1430 3135 1459 3184; x_wconf 82' lang='lat' dir='ltr'><strong><em>in</em></strong></span> 
     </span>
     <span class='ocr_line' id='line_1_29' title="bbox 268 3224 1460 3295; baseline 0.003 -19"><span class='ocrx_word' id='word_1_310' title='bbox 268 3224 540 3281; x_wconf 66' lang='lat' dir='ltr'><strong><em>wneineotedtenua</em></strong></span> <span class='ocrx_word' id='word_1_311' title='bbox 557 3229 676 3281; x_wconf 89' lang='lat' dir='ltr'><strong><em>dicitur:</em></strong></span> <span class='ocrx_word' id='word_1_312' title='bbox 691 3226 705 3251; x_wconf 82' lang='lat'>“</span> <span class='ocrx_word' id='word_1_313' title='bbox 723 3228 773 3279; x_wconf 88' lang='lat' dir='ltr'><strong><em>Vir</em></strong></span> <span class='ocrx_word' id='word_1_314' title='bbox 783 3228 907 3281; x_wconf 86' lang='lat' dir='ltr'><strong><em>obediens</em></strong></span> <span class='ocrx_word' id='word_1_315' title='bbox 918 3230 1040 3294; x_wconf 88' lang='lat' dir='ltr'><strong><em>loquitur</em></strong></span> <span class='ocrx_word' id='word_1_316' title='bbox 1057 3229 1193 3280; x_wconf 84' lang='lat' dir='ltr'><strong><em>m&#39;ctarias.</em></strong></span> <span class='ocrx_word' id='word_1_317' title='bbox 1204 3267 1217 3293; x_wconf 92' lang='lat'><em>„</em></span> <span class='ocrx_word' id='word_1_318' title='bbox 1236 3227 1287 3278; x_wconf 86' lang='lat' dir='ltr'><strong><em>Vir</em></strong></span> <span class='ocrx_word' id='word_1_319' title='bbox 1298 3229 1460 3295; x_wconf 86' lang='lat' dir='ltr'><strong><em>quippeobe·</em></strong></span> 
     </span>
    </p>

    <p class='ocr_par' dir='ltr' id='par_1_8' title="bbox 268 3314 1458 3395">
     <span class='ocr_line' id='line_1_30' title="bbox 268 3314 1458 3395; baseline 0.002 -19"><span class='ocrx_word' id='word_1_320' title='bbox 268 3314 327 3370; x_wconf 55' lang='lat' dir='ltr'><strong><em>‘litt</em></strong></span> <span class='ocrx_word' id='word_1_321' title='bbox 333 3321 436 3391; x_wconf 77' lang='lat' dir='ltr'><strong><em>loquitur</em></strong></span> <span class='ocrx_word' id='word_1_322' title='bbox 447 3329 584 3391; x_wconf 76' lang='lat' dir='ltr'><strong><em>victorias,</em></strong></span> <span class='ocrx_word' id='word_1_323' title='bbox 596 3329 662 3395; x_wconf 87' lang='lat' dir='ltr'><strong><em>qaia</em></strong></span> <span class='ocrx_word' id='word_1_324' title='bbox 674 3329 739 3379; x_wconf 91' lang='lat' dir='ltr'><strong><em>dum</em></strong></span> <span class='ocrx_word' id='word_1_325' title='bbox 748 3328 843 3381; x_wconf 78' lang='lat' dir='ltr'><strong><em>aliena</em></strong></span> <span class='ocrx_word' id='word_1_326' title='bbox 854 3329 910 3381; x_wconf 85' lang='lat' dir='ltr'><strong><em>roci</em></strong></span> <span class='ocrx_word' id='word_1_327' title='bbox 927 3329 1067 3379; x_wconf 78' lang='lat' dir='ltr'><strong><em>humiliter</em></strong></span> <span class='ocrx_word' id='word_1_328' title='bbox 1079 3328 1231 3392; x_wconf 87' lang='lat' dir='ltr'><strong><em>subdiumr,</em></strong></span> <span class='ocrx_word' id='word_1_329' title='bbox 1244 3329 1418 3395; x_wconf 81' lang='lat' dir='ltr'><strong><em>nosmetipsos</em></strong></span> <span class='ocrx_word' id='word_1_330' title='bbox 1430 3328 1458 3379; x_wconf 86' lang='lat' dir='ltr'><strong><em>in</em></strong></span> 
     </span>
    </p>

    <p class='ocr_par' dir='ltr' id='par_1_9' title="bbox 177 3414 1461 3492">
     <span class='ocr_line' id='line_1_31' title="bbox 177 3414 1461 3492; baseline 0.004 -19"><span class='ocrx_word' id='word_1_331' title='bbox 177 3460 180 3473; x_wconf 88' lang='lat'><strong><em>.</em></strong></span> <span class='ocrx_word' id='word_1_332' title='bbox 231 3414 257 3464; x_wconf 68' lang='lat'><strong><em>³⁸</em></strong></span> <span class='ocrx_word' id='word_1_333' title='bbox 270 3416 329 3468; x_wconf 60' lang='lat' dir='ltr'><strong><em>wilt</em></strong></span> <span class='ocrx_word' id='word_1_334' title='bbox 337 3436 488 3490; x_wconf 74' lang='lat' dir='ltr'><strong><em>superemus.</em></strong></span> <span class='ocrx_word' id='word_1_335' title='bbox 503 3467 515 3490; x_wconf 84' lang='lat'><strong><em>,</em></strong></span> <span class='ocrx_word' id='word_1_336' title='bbox 534 3427 566 3479; x_wconf 82' lang='lat' dir='ltr'><strong><em>iit</em></strong></span> <span class='ocrx_word' id='word_1_337' title='bbox 578 3434 666 3479; x_wconf 75' lang='lat' dir='ltr'><strong><em>(eutem</em></strong></span> <span class='ocrx_word' id='word_1_338' title='bbox 678 3427 906 3492; x_wconf 77' lang='lat' dir='ltr'><strong><em>corrependiosiore</em></strong></span> <span class='ocrx_word' id='word_1_339' title='bbox 918 3443 962 3479; x_wconf 83' lang='lat' dir='ltr'><strong><em>ros</em></strong></span> <span class='ocrx_word' id='word_1_340' title='bbox 974 3426 1076 3490; x_wconf 80' lang='lat' dir='ltr'><strong><em>euloqia</em></strong></span> <span class='ocrx_word' id='word_1_341' title='bbox 1094 3428 1257 3488; x_wconf 80' lang='lat' dir='ltr'><strong><em>anteceniam,</em></strong></span> <span class='ocrx_word' id='word_1_342' title='bbox 1270 3427 1348 3477; x_wconf 76' lang='lat' dir='ltr'><strong><em>alicui</em></strong></span> <span class='ocrx_word' id='word_1_343' title='bbox 1357 3442 1461 3492; x_wconf 90' lang='lat' dir='ltr'><strong><em>quoque</em></strong></span> 
     </span>
    </p>

    <p class='ocr_par' dir='ltr' id='par_1_10' title="bbox 177 3504 1461 3592">
     <span class='ocr_line' id='line_1_32' title="bbox 177 3504 1461 3592; baseline -0.002 -13"><span class='ocrx_word' id='word_1_344' title='bbox 177 3504 185 3579; x_wconf 76' lang='lat' dir='ltr'><strong><em>l</em></strong></span> <span class='ocrx_word' id='word_1_345' title='bbox 271 3512 377 3574; x_wconf 60' lang='lat' dir='ltr'><strong><em>lenatico</em></strong></span> <span class='ocrx_word' id='word_1_346' title='bbox 385 3526 561 3579; x_wconf 82' lang='lat' dir='ltr'><strong><em>substernam.</em></strong></span> <span class='ocrx_word' id='word_1_347' title='bbox 578 3525 709 3577; x_wconf 82' lang='lat' dir='ltr'><strong><em>Voluntas</em></strong></span> <span class='ocrx_word' id='word_1_348' title='bbox 719 3526 770 3577; x_wconf 86' lang='lat' dir='ltr'><strong><em>Dei</em></strong></span> <span class='ocrx_word' id='word_1_349' title='bbox 778 3532 816 3577; x_wconf 94' lang='lat' dir='ltr'><strong><em>est</em></strong></span> <span class='ocrx_word' id='word_1_350' title='bbox 825 3543 907 3592; x_wconf 89' lang='lat' dir='ltr'><strong><em>quam</em></strong></span> <span class='ocrx_word' id='word_1_351' title='bbox 921 3526 1048 3578; x_wconf 70' lang='lat' dir='ltr'><strong><em>dinisius</em></strong></span> <span class='ocrx_word' id='word_1_352' title='bbox 1056 3526 1121 3591; x_wconf 73' lang='lat' dir='ltr'><strong><em>fecit</em></strong></span> <span class='ocrx_word' id='word_1_353' title='bbox 1132 3533 1156 3579; x_wconf 88' lang='lat' dir='ltr'><strong><em>et</em></strong></span> <span class='ocrx_word' id='word_1_354' title='bbox 1168 3527 1266 3588; x_wconf 87' lang='lat' dir='ltr'><strong><em>docuit,</em></strong></span> <span class='ocrx_word' id='word_1_355' title='bbox 1279 3526 1421 3577; x_wconf 76' lang='lat' dir='ltr'><strong><em>licemilitas</em></strong></span> <span class='ocrx_word' id='word_1_356' title='bbox 1432 3528 1461 3577; x_wconf 86' lang='lat' dir='ltr'><strong><em>in</em></strong></span> 
     </span>
    </p>

    <p class='ocr_par' dir='ltr' id='par_1_11' title="bbox 271 3624 1460 3790">
     <span class='ocr_line' id='line_1_33' title="bbox 271 3624 1460 3689; baseline 0 -14"><span class='ocrx_word' id='word_1_357' title='bbox 271 3624 438 3689; x_wconf 54' lang='lat' dir='ltr'><strong><em>immilem,</em></strong></span> <span class='ocrx_word' id='word_1_358' title='bbox 449 3625 587 3677; x_wconf 86' lang='lat' dir='ltr'><strong><em>stabilitae</em></strong></span> <span class='ocrx_word' id='word_1_359' title='bbox 605 3627 633 3676; x_wconf 90' lang='lat' dir='ltr'><strong><em>in</em></strong></span> <span class='ocrx_word' id='word_1_360' title='bbox 650 3625 710 3688; x_wconf 79' lang='lat' dir='ltr'><strong><em>tide,</em></strong></span> <span class='ocrx_word' id='word_1_361' title='bbox 728 3625 889 3677; x_wconf 81' lang='lat' dir='ltr'><strong><em>verecundia</em></strong></span> <span class='ocrx_word' id='word_1_362' title='bbox 907 3626 936 3675; x_wconf 89' lang='lat' dir='ltr'><strong><em>in</em></strong></span> <span class='ocrx_word' id='word_1_363' title='bbox 955 3625 1059 3688; x_wconf 83' lang='lat' dir='ltr'><strong><em>cerbis;</em></strong></span> <span class='ocrx_word' id='word_1_364' title='bbox 1077 3626 1104 3676; x_wconf 92' lang='lat' dir='ltr'><strong><em>iu</em></strong></span> <span class='ocrx_word' id='word_1_365' title='bbox 1123 3626 1282 3677; x_wconf 83' lang='lat' dir='ltr'><strong><em>discretione</em></strong></span> <span class='ocrx_word' id='word_1_366' title='bbox 1290 3625 1412 3689; x_wconf 77' lang='lat' dir='ltr'><strong><em>jecetitia,</em></strong></span> <span class='ocrx_word' id='word_1_367' title='bbox 1432 3627 1460 3675; x_wconf 88' lang='lat' dir='ltr'><strong><em>in</em></strong></span> 
     </span>
     <span class='ocr_line' id='line_1_34' title="bbox 272 3712 1251 3790; baseline 0.002 -18"><span class='ocrx_word' id='word_1_368' title='bbox 272 3712 565 3787; x_wconf 59' lang='lat' dir='ltr'><strong><em>transmissionem,</em></strong></span> <span class='ocrx_word' id='word_1_369' title='bbox 576 3726 604 3774; x_wconf 89' lang='lat' dir='ltr'><strong><em>in</em></strong></span> <span class='ocrx_word' id='word_1_370' title='bbox 617 3724 738 3775; x_wconf 88' lang='lat' dir='ltr'><strong><em>moribus</em></strong></span> <span class='ocrx_word' id='word_1_371' title='bbox 748 3724 904 3790; x_wconf 85' lang='lat' dir='ltr'><strong><em>disciplina,</em></strong></span> <span class='ocrx_word' id='word_1_372' title='bbox 912 3724 1040 3789; x_wconf 72' lang='lat' dir='ltr'><strong><em>perfectio</em></strong></span> <span class='ocrx_word' id='word_1_373' title='bbox 1054 3725 1081 3775; x_wconf 91' lang='lat' dir='ltr'><strong><em>in</em></strong></span> <span class='ocrx_word' id='word_1_374' title='bbox 1095 3724 1251 3775; x_wconf 88' lang='lat' dir='ltr'><strong><em>obedientia.</em></strong></span> 
     </span>
    </p>

    <p class='ocr_par' dir='ltr' id='par_1_12' title="bbox 305 3803 1459 3889">
     <span class='ocr_line' id='line_1_35' title="bbox 305 3803 1459 3889; baseline 0.003 -19"><span class='ocrx_word' id='word_1_375' title='bbox 305 3803 346 3865; x_wconf 58' lang='grc'><strong><em>25-</em></strong></span> <span class='ocrx_word' id='word_1_376' title='bbox 359 3814 414 3872; x_wconf 87' lang='lat' dir='ltr'><strong><em>Post</em></strong></span> <span class='ocrx_word' id='word_1_377' title='bbox 434 3820 493 3873; x_wconf 77' lang='lat' dir='ltr'><strong><em>haec</em></strong></span> <span class='ocrx_word' id='word_1_378' title='bbox 517 3819 627 3873; x_wconf 84' lang='lat' dir='ltr'><strong><em>silentio</em></strong></span> <span class='ocrx_word' id='word_1_379' title='bbox 647 3835 679 3872; x_wconf 83' lang='lat' dir='ltr'><strong><em>ac</em></strong></span> <span class='ocrx_word' id='word_1_380' title='bbox 701 3818 785 3888; x_wconf 86' lang='lat' dir='ltr'><strong><em>quieti</em></strong></span> <span class='ocrx_word' id='word_1_381' title='bbox 806 3836 836 3872; x_wconf 86' lang='lat' dir='ltr'><strong><em>se</em></strong></span> <span class='ocrx_word' id='word_1_382' title='bbox 856 3824 1016 3873; x_wconf 80' lang='lat' dir='ltr'><strong><em>vacaturum</em></strong></span> <span class='ocrx_word' id='word_1_383' title='bbox 1038 3820 1137 3873; x_wconf 84' lang='lat' dir='ltr'><strong><em>aiebat.</em></strong></span> <span class='ocrx_word' id='word_1_384' title='bbox 1155 3820 1216 3887; x_wconf 87' lang='lat' dir='ltr'><strong><em>Quo</em></strong></span> <span class='ocrx_word' id='word_1_385' title='bbox 1237 3825 1300 3889; x_wconf 86' lang='lat' dir='ltr'><strong><em>pasl</em></strong></span> <span class='ocrx_word' id='word_1_386' title='bbox 1320 3821 1459 3874; x_wconf 77' lang='lat' dir='ltr'><strong><em>niodicum</em></strong></span> 
     </span>
    </p>

    <p class='ocr_par' dir='ltr' id='par_1_13' title="bbox 234 3901 1460 3984">
     <span class='ocr_line' id='line_1_36' title="bbox 234 3901 1460 3984; baseline 0.002 -18"><span class='ocrx_word' id='word_1_387' title='bbox 234 3901 262 3952; x_wconf 71' lang='lat'><strong><em>³³</em></strong></span> <span class='ocrx_word' id='word_1_388' title='bbox 274 3914 375 3975; x_wconf 74' lang='lat' dir='ltr'><strong><em>exempto,</em></strong></span> <span class='ocrx_word' id='word_1_389' title='bbox 387 3914 590 3984; x_wconf 72' lang='lat' dir='ltr'><strong><em>expergefactus</em></strong></span> <span class='ocrx_word' id='word_1_390' title='bbox 608 3914 742 3982; x_wconf 73' lang='lat' dir='ltr'><strong><em>subiecit:</em></strong></span> <span class='ocrx_word' id='word_1_391' title='bbox 761 3916 880 3968; x_wconf 86' lang='lat' dir='ltr'><strong><em>Domina</em></strong></span> <span class='ocrx_word' id='word_1_392' title='bbox 900 3933 968 3981; x_wconf 79' lang='lat' dir='ltr'><strong><em>ntea,</em></strong></span> <span class='ocrx_word' id='word_1_393' title='bbox 984 3924 1071 3968; x_wconf 76' lang='lat' dir='ltr'><strong><em>eriater</em></strong></span> <span class='ocrx_word' id='word_1_394' title='bbox 1088 3918 1190 3981; x_wconf 81' lang='lat' dir='ltr'><strong><em>deifica,</em></strong></span> <span class='ocrx_word' id='word_1_395' title='bbox 1205 3933 1256 3984; x_wconf 88' lang='lat' dir='ltr'><strong><em>per</em></strong></span> <span class='ocrx_word' id='word_1_396' title='bbox 1273 3918 1372 3981; x_wconf 87' lang='lat' dir='ltr'><strong><em>leqatos</em></strong></span> <span class='ocrx_word' id='word_1_397' title='bbox 1389 3934 1460 3981; x_wconf 92' lang='lat' dir='ltr'><strong><em>suos,</em></strong></span> 
     </span>
    </p>

    <p class='ocr_par' dir='ltr' id='par_1_14' title="bbox 273 4005 1459 4084">
     <span class='ocr_line' id='line_1_37' title="bbox 273 4005 1459 4084; baseline 0.004 -21"><span class='ocrx_word' id='word_1_398' title='bbox 273 4005 350 4058; x_wconf 58' lang='grc' dir='ltr'><strong><em>Μαι</em></strong></span> <span class='ocrx_word' id='word_1_399' title='bbox 358 4014 465 4068; x_wconf 85' lang='lat' dir='ltr'><strong><em>cidelicet</em></strong></span> <span class='ocrx_word' id='word_1_400' title='bbox 484 4031 552 4083; x_wconf 89' lang='lat' dir='ltr'><strong><em>quos</em></strong></span> <span class='ocrx_word' id='word_1_401' title='bbox 563 4022 626 4068; x_wconf 89' lang='lat' dir='ltr'><strong><em>ante</em></strong></span> <span class='ocrx_word' id='word_1_402' title='bbox 636 4016 699 4080; x_wconf 84' lang='lat' dir='ltr'><strong><em>jam</em></strong></span> <span class='ocrx_word' id='word_1_403' title='bbox 716 4016 906 4079; x_wconf 84' lang='lat' dir='ltr'><strong><em>destinauerat,</em></strong></span> <span class='ocrx_word' id='word_1_404' title='bbox 924 4032 964 4066; x_wconf 78' lang='lat' dir='ltr'><strong><em>nee</em></strong></span> <span class='ocrx_word' id='word_1_405' title='bbox 977 4017 1112 4083; x_wconf 86' lang='lat' dir='ltr'><strong><em>insperate</em></strong></span> <span class='ocrx_word' id='word_1_406' title='bbox 1124 4018 1217 4081; x_wconf 79' lang='lat' dir='ltr'><strong><em>aequit</em></strong></span> <span class='ocrx_word' id='word_1_407' title='bbox 1229 4017 1300 4082; x_wconf 90' lang='lat' dir='ltr'><strong><em>quod</em></strong></span> <span class='ocrx_word' id='word_1_408' title='bbox 1311 4017 1459 4084; x_wconf 85' lang='lat' dir='ltr'><strong><em>quidquam</em></strong></span> 
     </span>
    </p>

    <p class='ocr_par' dir='ltr' id='par_1_15' title="bbox 275 4096 1459 4180">
     <span class='ocr_line' id='line_1_38' title="bbox 275 4096 1459 4180; baseline 0.003 -19"><span class='ocrx_word' id='word_1_409' title='bbox 275 4096 393 4163; x_wconf 62' lang='lat' dir='ltr'><strong><em>tinent.</em></strong></span> <span class='ocrx_word' id='word_1_410' title='bbox 400 4114 430 4165; x_wconf 90' lang='lat' dir='ltr'><strong><em>de</em></strong></span> <span class='ocrx_word' id='word_1_411' title='bbox 438 4113 621 4180; x_wconf 84' lang='lat' dir='ltr'><strong><em>promissione</em></strong></span> <span class='ocrx_word' id='word_1_412' title='bbox 632 4112 691 4178; x_wconf 85' lang='lat' dir='ltr'><strong><em>ejus</em></strong></span> <span class='ocrx_word' id='word_1_413' title='bbox 707 4111 867 4175; x_wconf 66' lang='lat' dir='ltr'><strong><em>habuerim</em></strong></span> <span class='ocrx_word' id='word_1_414' title='bbox 879 4113 992 4179; x_wconf 85' lang='lat' dir='ltr'><strong><em>insuper</em></strong></span> <span class='ocrx_word' id='word_1_415' title='bbox 1003 4119 1118 4178; x_wconf 88' lang='lat' dir='ltr'><strong><em>tempore</em></strong></span> <span class='ocrx_word' id='word_1_416' title='bbox 1129 4119 1279 4179; x_wconf 73' lang='lat' dir='ltr'><strong><em>opportuno</em></strong></span> <span class='ocrx_word' id='word_1_417' title='bbox 1288 4120 1459 4165; x_wconf 74' lang='lat' dir='ltr'><strong><em>executuram</em></strong></span> 
     </span>
    </p>

    <p class='ocr_par' dir='ltr' id='par_1_16' title="bbox 275 4203 1460 4277">
     <span class='ocr_line' id='line_1_39' title="bbox 275 4203 1460 4277; baseline 0.002 -14"><span class='ocrx_word' id='word_1_418' title='bbox 275 4203 420 4274; x_wconf 59' lang='lat' dir='ltr'><strong><em>“illelmo</em></strong></span> <span class='ocrx_word' id='word_1_419' title='bbox 427 4212 636 4277; x_wconf 88' lang='lat' dir='ltr'><strong><em>promissionem</em></strong></span> <span class='ocrx_word' id='word_1_420' title='bbox 648 4227 727 4263; x_wconf 88' lang='lat' dir='ltr'><strong><em>suam</em></strong></span> <span class='ocrx_word' id='word_1_421' title='bbox 743 4212 892 4277; x_wconf 88' lang='lat' dir='ltr'><strong><em>spopondit.</em></strong></span> <span class='ocrx_word' id='word_1_422' title='bbox 908 4211 1024 4263; x_wconf 80' lang='lat' dir='ltr'><strong><em>Sanctus</em></strong></span> <span class='ocrx_word' id='word_1_423' title='bbox 1042 4213 1122 4263; x_wconf 88' lang='lat' dir='ltr'><strong><em>etiam</em></strong></span> <span class='ocrx_word' id='word_1_424' title='bbox 1140 4212 1256 4263; x_wconf 78' lang='lat' dir='ltr'><strong><em>bliclraei</em></strong></span> <span class='ocrx_word' id='word_1_425' title='bbox 1273 4213 1460 4277; x_wconf 79' lang='lat' dir='ltr'><strong><em>arcitanqeius,</em></strong></span> 
     </span>
    </p>

    <p class='ocr_par' dir='ltr' id='par_1_17' title="bbox 205 4293 1459 4378">
     <span class='ocr_line' id='line_1_40' title="bbox 205 4293 1459 4378; baseline 0 -16"><span class='ocrx_word' id='word_1_426' title='bbox 205 4364 208 4369; x_wconf 75' lang='grc'><em>,</em></span> <span class='ocrx_word' id='word_1_427' title='bbox 276 4293 439 4377; x_wconf 62' lang='lat' dir='ltr'><strong><em>dillitteratis,</em></strong></span> <span class='ocrx_word' id='word_1_428' title='bbox 458 4311 507 4365; x_wconf 78' lang='lat' dir='ltr'><strong><em>leoc</em></strong></span> <span class='ocrx_word' id='word_1_429' title='bbox 523 4312 740 4378; x_wconf 81' lang='lat' dir='ltr'><strong><em>mileipollicitus</em></strong></span> <span class='ocrx_word' id='word_1_430' title='bbox 755 4312 883 4378; x_wconf 84' lang='lat' dir='ltr'><strong><em>estquod,</em></strong></span> <span class='ocrx_word' id='word_1_431' title='bbox 901 4328 961 4363; x_wconf 88' lang='lat' dir='ltr'><strong><em>cam</em></strong></span> <span class='ocrx_word' id='word_1_432' title='bbox 978 4313 1167 4378; x_wconf 83' lang='lat' dir='ltr'><strong><em>opportunitas</em></strong></span> <span class='ocrx_word' id='word_1_433' title='bbox 1184 4312 1304 4377; x_wconf 69' lang='lat' dir='ltr'><strong><em>affluerit,</em></strong></span> <span class='ocrx_word' id='word_1_434' title='bbox 1321 4314 1459 4364; x_wconf 87' lang='lat' dir='ltr'><strong><em>tuitionem</em></strong></span> 
     </span>
    </p>
   </div>
   <div class='ocr_carea' id='block_1_3' title="bbox 238 4386 1458 4479">
    <p class='ocr_par' dir='ltr' id='par_1_18' title="bbox 238 4386 1458 4479">
     <span class='ocr_line' id='line_1_41' title="bbox 238 4386 1458 4479; baseline -0.002 -13"><span class='ocrx_word' id='word_1_435' title='bbox 238 4386 266 4440; x_wconf 58' lang='lat' dir='ltr'>u</span> <span class='ocrx_word' id='word_1_436' title='bbox 277 4394 418 4466; x_wconf 60' lang='lat' dir='ltr'><strong><em>“lentim</em></strong></span> <span class='ocrx_word' id='word_1_437' title='bbox 427 4426 591 4479; x_wconf 83' lang='lat' dir='ltr'><strong><em>suorumque</em></strong></span> <span class='ocrx_word' id='word_1_438' title='bbox 602 4411 790 4463; x_wconf 84' lang='lat' dir='ltr'><strong><em>coetsodalium</em></strong></span> <span class='ocrx_word' id='word_1_439' title='bbox 800 4411 897 4476; x_wconf 81' lang='lat' dir='ltr'><strong><em>procul</em></strong></span> <span class='ocrx_word' id='word_1_440' title='bbox 911 4411 992 4462; x_wconf 74' lang='lat' dir='ltr'><strong><em>diablo</em></strong></span> <span class='ocrx_word' id='word_1_441' title='bbox 1004 4412 1141 4477; x_wconf 78' lang='lat' dir='ltr'><strong><em>experiar.</em></strong></span> <span class='ocrx_word' id='word_1_442' title='bbox 1154 4411 1234 4462; x_wconf 86' lang='lat' dir='ltr'><strong><em>Hane</em></strong></span> <span class='ocrx_word' id='word_1_443' title='bbox 1246 4427 1305 4463; x_wconf 82' lang='lat' dir='ltr'><strong><em>uero</em></strong></span> <span class='ocrx_word' id='word_1_444' title='bbox 1313 4413 1458 4463; x_wconf 77' lang='lat' dir='ltr'><strong><em>reiteratio·</em></strong></span> 
     </span>
    </p>
   </div>
   <div class='ocr_carea' id='block_1_4' title="bbox 280 4621 1460 4787">
    <p class='ocr_par' dir='ltr' id='par_1_19' title="bbox 280 4621 1460 4787">
     <span class='ocr_line' id='line_1_42' title="bbox 304 4621 1460 4705; baseline 0.003 -18"><span class='ocrx_word' id='word_1_445' title='bbox 304 4621 583 4704; x_wconf 74' lang='lat' dir='ltr'><strong><em>illlntuanrsynodus</em></strong></span> <span class='ocrx_word' id='word_1_446' title='bbox 591 4638 717 4705; x_wconf 82' lang='lat' dir='ltr'><strong><em>auaedam</em></strong></span> <span class='ocrx_word' id='word_1_447' title='bbox 730 4635 824 4689; x_wconf 82' lang='lat' dir='ltr'><strong><em>habita</em></strong></span> <span class='ocrx_word' id='word_1_448' title='bbox 837 4636 888 4689; x_wconf 85' lang='lat' dir='ltr'><strong><em>sub</em></strong></span> <span class='ocrx_word' id='word_1_449' title='bbox 901 4635 1070 4701; x_wconf 85' lang='lat' dir='ltr'><strong><em>Bernhardo,</em></strong></span> <span class='ocrx_word' id='word_1_450' title='bbox 1081 4636 1208 4705; x_wconf 87' lang='lat' dir='ltr'><strong><em>episcopo</em></strong></span> <span class='ocrx_word' id='word_1_451' title='bbox 1221 4636 1460 4703; x_wconf 85' lang='lat' dir='ltr'><strong><em>Hildssheimensi,</em></strong></span> 
     </span>
     <span class='ocr_line' id='line_1_43' title="bbox 280 4700 1215 4787; baseline 0.004 -16"><span class='ocrx_word' id='word_1_452' title='bbox 280 4700 401 4771; x_wconf 65' lang='lat' dir='ltr'><strong><em>”lenna</em></strong></span> <span class='ocrx_word' id='word_1_453' title='bbox 414 4720 473 4773; x_wconf 80' lang='lat' dir='ltr'><strong><em>nn</em></strong></span> <span class='ocrx_word' id='word_1_454' title='bbox 481 4718 660 4784; x_wconf 69' lang='lat' dir='ltr'><strong><em>marcheim,</em></strong></span> <span class='ocrx_word' id='word_1_455' title='bbox 673 4720 795 4774; x_wconf 69' lang='lat' dir='ltr'><strong><em>ancien</em></strong></span> <span class='ocrx_word' id='word_1_456' title='bbox 810 4720 968 4785; x_wconf 66' lang='lat' dir='ltr'><strong><em>sermons,</em></strong></span> <span class='ocrx_word' id='word_1_457' title='bbox 981 4723 1047 4772; x_wconf 79' lang='lat' dir='ltr'><strong><em>tom.</em></strong></span> <span class='ocrx_word' id='word_1_458' title='bbox 1056 4719 1103 4784; x_wconf 83' lang='lat'><strong><em>111,</em></strong></span> <span class='ocrx_word' id='word_1_459' title='bbox 1114 4736 1138 4787; x_wconf 76' lang='lat' dir='ltr'><strong><em>p.</em></strong></span> <span class='ocrx_word' id='word_1_460' title='bbox 1148 4719 1215 4786; x_wconf 75' lang='lat' dir='ltr'><strong><em>nse).</em></strong></span> 
     </span>
    </p>
   </div>
   <div class='ocr_carea' id='block_1_5' title="bbox 0 0 1641 5400">
    <p class='ocr_par' dir='ltr' id='par_1_20' title="bbox 0 0 1641 5400">
     <span class='ocr_line' id='line_1_44' title="bbox 0 0 1641 5400; baseline 0 0"><span class='ocrx_word' id='word_1_461' title='bbox 0 0 1641 5400; x_wconf 95' lang='lat' dir='ltr'><strong><em> </em></strong></span> 
     </span>
    </p>
   </div>
  </div>
 </body>
</html>
