3338 5394
321 337 415 389 amu.
431 335 514 388 nuo.
531 334 706 388 numm.
722 354 770 366 -
786 334 892 387 coun.
909 328 959 387 su
971 333 1098 404 asni-n,
1113 332 1191 383 sans.
1293 310 1364 386 211

240 528 280 600 4⁰
303 525 434 600 Passio
476 526 514 600 S.
545 524 684 600 Mathai
718 524 889 618 apostoli,
927 548 965 600 xr
1002 527 1060 602 Kl.
1088 522 1259 601 Octobris
1287 525 1367 619 (foi

339 643 388 695 τῃ
413 652 427 676 v

176 772 257 828 Edita
264 643 339 842 agg
349 644 546 829 lollianum.
557 775 625 825 tom.
633 771 668 825 n

241 900 280 973 5⁰
303 897 434 971 Passio
452 897 707 990 apostolorum
724 895 888 970 Simonis
903 900 941 969 et
952 896 1068 970 Judae.
1086 895 1194 986 Quod
1205 902 1263 972 est
1274 897 1369 974 vKl.

289 1012 509 1086 Novembris
523 1012 602 1105 (sol.
620 1012 787 1105 27'·35').

176 1144 255 1199 auin
265 1144 331 1198 uin

242 1270 282 1342 6⁰
306 1267 438 1342 Passio
455 1268 492 1343 S.
510 1268 668 1341 Thomae
681 1266 851 1360 apostoli.
868 1266 977 1357 Quod
993 1272 1050 1341 est
1066 1290 1116 1341 nn
1132 1268 1190 1344 lo.
1203 1269 1370 1345 ianuarii

290 1384 368 1477 (fol.
383 1384 550 1475 35'41').

179 1511 257 1567 Edita
265 1513 330 1568 ibid.
342 1542 374 1552 -
385 1514 418 1568 In
428 1514 488 1568 cod
499 1514 654 1568 munlaest

391 2029 545 2118 CXVII.
574 2030 700 2118 Codex
723 2031 910 2143 signatus
934 2052 979 2119 n⁰
1005 2032 1123 2122 8515.

179 2296 318 2351 Foliorum
342 2298 398 2361 184,
424 2302 522 2366 praeter
547 2314 633 2353 unum
659 2298 806 2353 insitieimu
831 2299 860 2353 in
888 2298 976 2368 capite
1001 2298 1111 2362 codicis,
1136 2298 1233 2353 {orme
1258 2298 1373 2353 minoris

146 2396 236 2462 (0·,93
250 2404 275 2453 ><
288 2397 356 2460 0,16)
368 2396 504 2451 columnis
515 2397 595 2462 binis,
607 2396 687 2452 lineis
703 2398 836 2467 graphide
848 2397 937 2452 ductis
948 2397 1065 2451 diversis
1076 2397 1206 2452 manibus
1220 2397 1312 2453 seequ
1324 2397 1372 2452 XV

146 2500 282 2549 exaratus.
293 2494 400 2549 Etenim
413 2495 460 2550 iol.
472 2498 515 2550 60¹
525 2496 554 2549 in
563 2497 686 2566 margine
703 2496 826 2552 inferiori
843 2497 974 2567 seriptum
993 2501 1050 2550 est:
1068 2498 1224 2551 Procedens
1235 2514 1339 2566 quoqne
1349 2505 1374 2553 et

145 2595 354 2649 haecdhietorin
363 2595 390 2647 S.
398 2595 522 2649 silvestri
530 2599 682 2665 conscripto
687 2614 741 2665 per
749 2598 784 2650 D.
792 2598 969 2664 Lampon-tum
979 2598 1011 2649 de
1025 2597 1281 2665 Pinio,monochnm
1288 2597 1374 2664 itinn

147 2692 252 2746 domna.
264 2691 347 2746 Tituli
367 2692 498 2747 rubricati
516 2698 587 2758 sunt,
602 2693 724 2762 itemque
741 2694 838 2748 litterae
854 2695 974 2762 maj0res
991 2693 1134 2763 pleraeque,
1152 2693 1291 2749 nonnullae
1306 2710 1373 2749 vero

147 2790 262 2860 depicta
274 2791 364 2846 colore
376 2792 500 2847 eaeruleo.

179 2889 256 2943 Polio
268 2890 384 2945 insiticio
402 2891 430 2945 in
442 2896 516 2945 recta
528 2896 606 2960 parte
618 2892 802 2961 inseripta‘est
819 2893 878 2946 haee
887 2896 954 2945 nota
966 2911 972 2945 :
984 2894 1037 2945 iate
1048 2893 1117 2945 tiber
1127 2900 1166 2947 est
1180 2894 1276 2947 domna
1286 2895 1375 2947 saneti

148 2989 251 3042 Albani
260 2991 346 3056 juata
362 2991 498 3044 Treverim
512 2992 627 3045 Ordinis
641 2992 852 3046 Gorthnsienais.
863 2990 888 3043 A
899 2991 940 3044 38.
954 2992 1082 3044 Contenta
1094 2993 1124 3044 in
1135 2992 1271 3046 doctiore.
1279 2992 1374 3060 Sequi·

146 3091 192 3142 tur
199 3087 290 3142 iudex.
297 3088 368 3142 Huic
380 3090 526 3158 preposita
537 3089 589 3143 fuit
600 3088 699 3143 deinde
707 3090 766 3143 hae
776 3088 863 3143 altera
875 3093 942 3142 uota
953 3107 960 3142 :
972 3090 1062 3151 Musei
1073 3090 1177 3143 Donnne
1183 3090 1259 3156 Ptof.
1271 3090 1374 3145 Sociass

149 3186 277 3253 Ammp.
284 3189 349 3239 1619
353 3204 405 3255 per
416 3204 498 3241 comm
503 3189 648 3240 neationem
664 3169 715 3271 ᾧ
726 3172 781 3245 MS
789 3187 830 3240 87.
837 3186 871 3240 nt
880 3187 933 3239 hoe
942 3185 1050 3253 signum
1058 3185 1101 3239 bis
1110 3186 1244 3254 reperitur
1251 3185 1374 3241 inruem-

149 3282 236 3337 braua
247 3285 360 3338 interius
370 3285 529 3338 adhaerente
536 3289 704 3354 tegumento.
716 3286 748 3339 In
759 3284 852 3339 codice
861 3288 958 3354 praeter
969 3284 1116 3338 nonnullas
1127 3289 1285 3340 sanctorum
1297 3285 1374 3340 Vitas

148 3398 183 3436 ex
194 3383 319 3451 Leoenda
328 3386 422 3438 Aurea
434 3384 593 3452 desumptas
604 3385 663 3438 haec
673 3383 867 3438 inveniuntur:

252 3631 287 3701 1⁰
311 3628 364 3703 De
379 3635 509 3703 sancto
526 3628 781 3703 Penthaleoue
794 3632 957 3720 martyre
970 3628 1049 3719 (fol.
1069 3628 1232 3723 ΜΨ).

182 3762 275 3817 Passio
286 3763 358 3817 edita
369 3762 441 3832 apud
450 3762 645 3829 Mombritium,
654 3767 721 3817 torn.
732 3762 766 3826 Π,
778 3762 848 3829 stylo
861 3761 977 3816 subinde
987 3765 1102 3815 mutato.

248 3890 288 3963 2⁰
312 3889 368 3962 Ex
405 3890 600 3982 cathalago
641 3889 875 3979 Sanctorum,
909 3886 1020 3961 Libro
1053 3887 1186 3979 primo,
1213 3887 1374 3980 capitulo

297 4007 401 4076 sexto
415 4003 556 4076 decimo
571 4003 617 4078 de
629 4007 759 4075 sancto
776 4001 924 4074 Albano
937 4004 1099 4092 martyre
1115 4001 1193 4095 (fol.
1210 4002 1374 4097 auf-55¹).

182 4131 251 4186 Vide
263 4132 375 4187 Petrum
392 4133 426 4186 de
443 4132 586 4187 Natalibus
602 4132 664 4186 loeo
676 4132 767 4185 citato.
779 4131 866 4185 —Ad
884 4130 966 4185 finem
984 4130 1105 4199 legenda
1123 4129 1216 4185 addita
1233 4135 1274 4185 est
1291 4148 1375 4187 manu

148 4231 296 4287 recentiori
308 4235 374 4285 nota
385 4247 518 4301 sequens:
531 4232 592 4285 Non
601 4233 702 4285 nteito
708 4232 823 4300 patroni
831 4232 919 4284 nostri
929 4231 976 4283 aed
984 4231 1098 4283 alteriue
1107 4231 1209 4284 Albani
1217 4233 1265 4298 qni
1273 4247 1376 4301 qnoque

162 4332 310 4397 Moonntin
315 4348 419 4399 paenn
430 4339 467 4385 est
478 4332 602 4385 kalendis
610 4331 755 4384 decembrio
766 4331 797 4383 in
808 4346 914 4383 menore
926 4347 942 4382 α
952 4330 1112 4382 latronibus.

250 4457 289 4529 3⁰
314 4455 399 4530 Vita
415 4456 514 4530 beati
526 4454 675 4529 Mathiae
689 4453 847 4549 apostoli
864 4455 943 4549 (fol.
958 4455 1127 4548 60‘·63⁹).

182 4584 264 4641 Edita
277 4586 305 4639 iu
321 4588 379 4640 Aet.
390 4586 491 4652 SS.,ad
500 4585 525 4640 d.
533 4585 566 4639 nt
574 4585 661 4651 Febr„
669 4588 737 4638 tom.
745 4584 792 4650 111,
804 4602 830 4653 p.
841 4585 889 4638 441
900 4600 959 4653 sqq.
968 4610 1000 4619 -
1012 4584 1044 4637 In
1057 4584 1116 4638 cod.
1125 4587 1240 4655 uterque
1248 4585 1377 4657 prologus

150 4684 351 4754 praetermissus
362 4689 410 4750 est,
423 4689 450 4739 et
458 4689 591 4753 praterea
598 4683 706 4739 initium
719 4699 794 4738 num.
803 4684 820 4737 5
830 4684 1068 4752 (Annoopoetolna
1080 4685 1193 4739 Domini
1203 4685 1344 4754 Mattius).
