3338 5394
217 306 266 380 96
553 328 680 381 carra.
705 327 809 380 cono.
835 328 1115 382 samosateum.

218 524 348 597 Incipit
367 521 491 583 brevis
512 521 667 583 historia
688 524 734 583 de
750 522 831 581 vite
851 525 890 582 et
902 524 1068 584 docmina
1088 525 1258 597 maedam.
1282 526 1372 598 Ques
1394 527 1451 586 est

556 624 675 683 xvl1⁰
694 623 874 682 mendas
894 624 1113 683 Decembris.

264 832 294 889 1.
316 831 457 888 Gloriosus
473 829 602 884 hibertus
618 830 739 899 Magnus,
756 829 866 885 Ordinis
882 830 1009 885 Fratrum
1029 831 1252 898 Praedicatorum,
1261 833 1359 886 doctor
1375 848 1451 903 egre·

219 931 286 1001 gius,
296 926 488 987 Universitatis
498 925 660 980 Parisiensis
671 926 732 980 laus
743 931 771 980 et
781 925 868 996 gloria
879 926 1030 997 singularis,
1043 927 1154 983 natione
1166 928 1281 993 Saevus,
1292 928 1328 982 de
1339 928 1452 983 civitate

219 1028 412 1099 Lammipcnsi
429 1042 514 1096 prope
530 1029 729 1095 augustensem
748 1024 887 1080 civitatem
905 1026 941 1079 ad
957 1032 1078 1094 quatuor
1094 1027 1220 1092 miliaria,
1238 1027 1372 1082 oriundus
1392 1027 1483 1086 tutte

202 1130 272 1184 .Hic
288 1145 350 1183 cum
368 1131 442 1182 esset
456 1125 565 1193 juvenis
583 1124 639 1178 iere
659 1124 779 1178 sedecim
801 1140 946 1189 annorum,
963 1124 1008 1179 dic
1028 1126 1147 1195 quadam
1168 1126 1334 1181 beatissimae
1354 1125 1452 1196 virgini

219 1228 318 1290 itariae,
327 1226 405 1283 liatri
417 1225 476 1289 Dei,
487 1240 517 1279 se
526 1228 585 1278 toto
594 1224 696 1277 mentis
705 1224 804 1278 affectu
816 1224 979 1278 lucratione
990 1225 1132 1280 humiliter
1144 1241 1205 1279 cum
1218 1225 1339 1285 lacrimis
1349 1241 1452 1280 recom-

220 1328 361 1390 mendans,
378 1323 504 1394 apparuit
520 1323 608 1377 eidem
627 1322 770 1377 visibiliter
786 1322 867 1392 Virgo
880 1322 1032 1389 benedictn,
1045 1324 1168 1393 dixitque
1180 1323 1237 1378 illi:
1256 1327 1373 1391 Alberte,
1388 1326 1455 1392 fuce

220 1428 351 1480 mundum
368 1432 392 1478 et
413 1425 552 1490 inpredere
573 1423 700 1476 Ordinem
723 1414 987 1487 Praedicatorum,'ac
1006 1425 1151 1489 efficaciter
1168 1426 1301 1478 decutiam
1317 1431 1341 1477 et
1360 1425 1454 1478 madio

221 1528 315 1580 insiste
324 1543 335 1589 ,·
347 1526 414 1592 quio
432 1523 506 1576 Deus
522 1529 599 1574 tanto
616 1537 671 1575 cus
682 1523 820 1591 sapientire
830 1524 907 1589 copia
919 1529 944 1575 tc
955 1523 1063 1588 docebit,
1074 1530 1103 1575 ut
1111 1540 1164 1591 per
1172 1525 1257 1577 libros
1268 1524 1455 1578 doctrtnstus
1473 1528 1502 1579 to

220 1632 274 1679 toto
284 1625 404 1677 Ecclesia
414 1623 575 1675 illustretur.
585 1619 939 1689 Ingressusitaqnejuvenis
948 1619 1077 1675 Ordinem
1087 1604 1395 1691 Praedicatorumcoepit
1402 1621 1455 1676 ier·

222 1721 380 1777 acutissime
392 1719 491 1774 neentis
504 1718 615 1788 puritati
627 1734 659 1772 ac
676 1717 766 1773 studio
784 1717 917 1772 insistere.
934 1719 1000 1773 Erat
1017 1724 1109 1774 autem
1124 1721 1223 1775 modus
1242 1721 1301 1788 ejus
1312 1721 1403 1789 primo
1420 1721 1456 1774 ad

221 1820 375 1875 orationem
388 1834 526 1873 recurrere
544 1823 572 1871 et
589 1816 687 1871 deinde
704 1816 814 1871 lectioni
833 1833 939 1882 vacare,
951 1824 983 1872 ut
999 1819 1088 1872 oratio
1108 1819 1270 1888 preveniret
1286 1819 1409 1874 studium
1428 1824 1456 1873 et

222 1922 386 1989 prepararet
396 1917 573 1973 intellectum.
582 1916 619 1971 Ut
630 1922 724 1971 autem
734 1921 826 1970 narrat
835 1920 913 1970 actor
921 1917 949 1971 in
959 1916 1028 1971 libro
1039 1918 1073 1971 de
1082 1918 1241 1987 Apibus(l)‚
1253 1919 1373 1987 capitulo
1386 1919 1456 1973 vice·

223 2017 293 2071 simo
311 2018 357 2082 (2),
379 2018 427 2085 qui
447 2016 499 2070 luit
521 2015 625 2069 hiberti
649 2015 798 2083 discipulus
820 2020 848 2069 et
865 2015 983 2078 auditor,
1003 2033 1067 2070 cum
1086 2017 1231 2085 praeclarus
1250 2016 1380 2071 albertus
1396 2021 1456 2070 erat
1476 2021 1505 2069 tt

223 2116 309 2171 lector
321 2117 436 2170 fratrum
448 2115 477 2168 in
493 2115 609 2169 Colonia
625 2113 775 2183 Agrippina
792 2113 874 2183 longo
890 2120 1022 2184 ternpore.
1041 2116 1152 2169 demum
1170 2117 1273 2170 missus
1289 2110 1457 2170 Parisius'ad

14 2213 29 2244 ⁸
40 2212 97 2265 cod·
108 2213 189 2264 essei-
224 2216 370 2286 legendum
381 2214 536 2269 Sententiae
547 2219 575 2267 et
584 2229 632 2283 pro
644 2213 852 2281 incomparabili
864 2214 979 2268 scientia
991 2230 1041 2267 sua
1053 2214 1211 2283 Theologire
1220 2215 1381 2268 cathedram
1390 2219 1433 2268 cst
1442 2214 1457 2244 ⁸

21 2310 112 2386 *add
123 2309 181 2386 ⁴39³·
223 2316 370 2384 adeptnrr',
381 2318 410 2367 et
425 2313 478 2367 ruit
497 2313 595 2367 tertius
612 2313 658 2382 qui
680 2311 715 2366 de
735 2311 838 2366 Ordine
860 2313 1075 2367 Praedicatorum
1092 2312 1158 2382 legit
1174 2313 1330 2368 Sententiae
1348 2313 1376 2367 in
1393 2328 1457 2367 con·

6 2380 202 2509 affigam
228 2418 310 2468 ventu
321 2411 475 2465 Parisiensi.
492 2410 555 2464 Fuit
565 2415 658 2464 antem
676 2409 805 2464 hibertus
821 2415 904 2463 tantec
923 2411 1055 2465 orationis
1072 2417 1100 2465 et
1117 2411 1360 2482 contemplationis
1371 2416 1403 2467 ut
1413 2411 1458 2467 die

28 2508 181 2576 Contiprot.
225 2511 347 2581 qnalibet
357 2515 454 2580 praeter
466 2509 555 2563 Horas
565 2509 712 2563 canonicas
730 2509 759 2563 in
770 2508 880 2578 speciali
899 2513 989 2563 totum
1006 2510 1164 2578 psalterium
1177 2511 1333 2566 Daviticum
1346 2511 1456 2566 diceret.
1475 2512 1506 2565 20

227 2610 306 2666 Unde
323 2610 357 2664 de
368 2609 428 2679 ipso
441 2608 539 2678 iegitur
551 2608 579 2661 in
591 2607 660 2661 libro
676 2607 797 2661 secundo
816 2607 850 2660 de
866 2608 978 2676 Apibus,
991 2609 1110 2678 capitulo
1128 2610 1227 2665 ultimo
1239 2611 1275 2678 (3)
1293 2629 1300 2664 :
1319 2612 1331 2636 ⁸
1351 2610 1414 2664 vidi
1431 2616 1460 2666 ct

226 2708 377 2764 certissime
386 2711 514 2775 expertus
523 2723 592 2767 sum,
601 2707 673 2760 sicut
684 2705 793 2760 auditor
810 2705 870 2773 eius
887 2706 1064 2775 permultum
1077 2713 1194 2777 tempus,
1205 2709 1281 2777 quod
1293 2708 1459 2764 venerabilis

227 2809 272 2863 ille
290 2809 374 2862 irater
389 2806 501 2861 Ordinis
518 2806 740 2868 Praedicatorum
757 2806 887 2874 magister
905 2807 1041 2871 hibertus,
1053 2808 1148 2863 multis
1159 2809 1239 2863 annis
1257 2809 1314 2864 iere
1325 2809 1459 2879 quotidie,

227 2924 290 2962 cum
302 2906 432 2961 tamenin
444 2905 574 2959 cathedra
583 2904 727 2973 theologice
740 2910 854 2974 regeret,
863 2910 971 2959 tantum
984 2907 1018 2960 de
1036 2906 1080 2961 die
1097 2914 1125 2962 et
1142 2908 1176 2962 de
1193 2913 1275 2963 nocte
1287 2909 1460 2963 orationibus

227 3005 405 3067 incumberet
423 3010 453 3059 ut
464 3003 624 3073 psalterium
637 3003 790 3058 Daviticum
808 3004 917 3074 legeret
929 3006 1008 3060 Unde
1021 3006 1100 3061 dictis
1117 3008 1201 3063 Horis
1212 3013 1241 3062 et
1255 3008 1422 3063 lectionibus
1433 3012 1461 3066 st
1479 3004 1509 3055 2⁵

227 3104 458 3174 disputationibus
466 3102 627 3164 terminatis,
639 3118 747 3172 semper
758 3103 985 3173 contemplationi
994 3105 1094 3159 divinae
1103 3111 1131 3159 et
1145 3107 1374 3162 meditationibus
1386 3109 1461 3163 insu·

228 3204 319 3258 dabat
332 3203 404 3270 Quid
417 3219 480 3272 ergo
490 3202 592 3256 mirum
604 3201 627 3255 si
639 3201 701 3256 talis
721 3202 806 3256 homo
824 3219 905 3271 super
916 3203 1059 3257 hominem
1072 3206 1217 3274 proliceret
1228 3206 1275 3275 qni
1287 3212 1344 3261 tam
1357 3211 1462 3271 sancte,

115 3300 142 3351 ‘·
227 3310 284 3358 tam
305 3303 409 3370 integre
424 3302 453 3354 in
472 3302 609 3355 veritate*
627 3300 786 3371 proieciti„
804 3303 843 3356 De
855 3318 911 3370 quo
923 3303 1008 3356 etiam
1020 3303 1119 3357 dicitnr
1128 3305 1202 3374 quod
1214 3304 1355 3359 miraculis
1363 3304 1462 3360 ciamit

227 3418 288 3470 quoe
300 3401 359 3469 ejus
371 3400 433 3453 vitm
445 3399 574 3454 meritum
587 3399 821 3453 demonstrabant.

547 3599 729 3671 Quomodo
751 3599 931 3659 diabolum
954 3601 1140 3674 effusam.

270 3791 304 3851 Β.
326 3794 402 3848 idem
413 3797 489 3848 actor
498 3794 567 3848 dixit
580 3793 607 3847 in
619 3794 716 3848 eodem
727 3791 846 3861 capitulo
854 3791 891 3858 (l)
901 3811 908 3846 ι
920 3793 931 3817 “
942 3791 1069 3861 Magister
1078 3792 1208 3847 hibertus
1217 3792 1370 3863 theologus,
1379 3793 1464 3849 irater

229 3893 337 3947 Ordinis
349 3891 570 3954 Praedicatomm
583 3890 704 3944 namarit
719 3889 789 3943 mihi
807 3889 881 3958 quod
898 3888 1018 3943 Parisius
1036 3889 1075 3943 illi
1093 3891 1202 3944 daemon
1220 3890 1248 3945 in
1265 3891 1356 3960 specie
1373 3891 1464 3959 cujus·

230 3994 293 4047 darn
315 3992 406 4046 fratris
424 3989 558 4060 apparuit.
579 3995 610 4044 ut
629 4005 692 4043 eum
710 4005 727 4042 a
744 3989 836 4043 studio
854 3994 1003 4044 revocaret.
1020 3989 1074 4043 Sed
1094 4005 1160 4043 mox
1178 3989 1252 4044 iacto
1270 3989 1348 4060 signo
1366 3990 1464 4055 crucis,

230 4090 362 4146 discessit
375 4131 386 4156 ,

264 4321 302 4387 (1)
312 4318 421 4373 Scilicet
431 4318 555 4372 Thomas
568 4316 779 4385 Cantipratanus
789 4315 817 4369 in
830 4332 913 4384 opere
925 4316 969 4370 cui
982 4315 1077 4370 titulus
1089 4318 1291 4370 Mirucutorum
1301 4323 1326 4369 et
1334 4317 1463 4384 exempto

231 4419 293 4453 rum
305 4401 519 4453 memorabilium
531 4401 577 4452 sui
587 4401 716 4466 ternporia
726 4400 794 4451 iibri
805 4400 867 4463 duo,
877 4400 907 4450 in
918 4399 1016 4466 quibus
1059 4415 1093 4451 ec
1105 4400 1197 4465 Apum
1208 4399 1347 4466 republica
1356 4399 1464 4450 Bonum

231 4483 384 4534 siniseraote
395 4482 522 4534 docetor:
533 4480 606 4533 unde
618 4480 754 4547 hocopus
772 4484 948 4547 nuncupatur
962 4480 973 4504 ¹
985 4478 1094 4533 Bonum
1104 4478 1262 4534 universale
1272 4520 1283 4545 ,
1296 4495 1347 4533 seu
1360 4480 1372 4504 ⁸
1383 4478 1465 4533 Liber

232 4565 330 4632 Apum.
346 4590 403 4626 ,—
415 4562 452 4627 (t)
471 4563 501 4616 ln
512 4562 634 4616 editione
647 4562 783 4616 Duaeensi
801 4560 955 4616 colvenerii
974 4563 1047 4626 1605,
1058 4577 1117 4630 cap.
1136 4577 1173 4615 xx
1193 4567 1270 4627 extr„
1290 4578 1351 4632 pag.
1370 4562 1412 4616 80.
1431 4592 1463 4601 -

232 4648 268 4711 (3)
280 4644 350 4699 Edit.
359 4644 411 4708 cit..
424 4660 482 4713 pag.
494 4644 551 4698 579.
561 4672 592 4681 -
605 4644 642 4709 (4)
654 4643 724 4698 Edit
736 4645 790 4708 cit,
802 4660 830 4699 n.
841 4643 882 4708 34.
895 4659 954 4713 pag.
966 4645 1024 4699 565.
