3270 5400
395 358 489 409 aran.
506 356 586 411 asc.
605 359 775 411 eumuna.
794 381 841 391 —
859 360 1005 411 earcuo.
1024 361 1070 411 un
1088 360 1167 412 coo.
1185 350 1223 410 u⁰
1239 357 1314 412 rior.
1419 338 1466 423 db

295 548 350 606 19.
373 548 414 603 lili
426 565 500 611 vero,
512 548 581 603 nihil
590 549 646 602 tale
657 553 791 611 curantes,
807 548 1039 602 circumvallatam
1056 549 1178 609 domum,
1190 566 1224 602 ne
1237 565 1319 617 quem
1332 546 1467 600 evadendi

251 650 339 703 iocum
350 648 425 715 virgo
433 646 576 715 repperiat,
584 662 646 699 cum
659 646 762 714 impetu
772 645 860 698 multo
873 645 985 710 irruunt,
995 651 1022 699 et
1033 650 1130 699 cuncta
1142 646 1240 698 domus
1251 645 1312 698 loca
1319 646 1465 699 lustrantes

251 749 389 804 eredunt,
402 748 431 796 et
446 744 492 796 diu
505 743 648 812 quaesitam
659 744 773 797 minime
790 749 974 812 reppererunt.
991 745 1059 808 iam,
1072 746 1201 798 frustrata
1214 746 1389 813 inquisitione
1401 746 1463 799 deii-

162 914 165 921 ·
250 844 357 906 cientes,
368 843 515 896 abscedere
526 842 666 911 parabant,
675 858 737 895 cum
750 858 821 895 unus
832 859 935 907 eorum,
949 844 1038 897 socios
1055 860 1187 897 revocans
1200 864 1206 897 ι
1218 845 1256 910 Si,
1266 845 1361 912 inquit,
1375 863 1468 898 arcam

220 948 235 997 b
249 944 317 996 banc
327 944 510 1009 aperuissetis,
520 943 640 1009 forsitan
657 959 738 1009 quam
748 943 799 995 hac
810 945 924 1011 illacque
935 945 1117 997 discurrentes
1129 946 1306 1011 quaesivimus,
1323 948 1396 997 intua
1408 947 1468 998 iati-

248 1049 343 1094 tantem
356 1044 532 1095 invenissetis.
543 1041 593 1094 His
605 1042 713 1103 auditis,
724 1041 847 1094 resiliunt
865 1058 967 1106 omues,
980 1046 1008 1094 et
1024 1045 1117 1109 aperta
1135 1058 1198 1094 arca
1210 1042 1342 1110 virginem
1354 1058 1468 1095 moeren·

249 1144 302 1192 tem
314 1140 439 1193 laetantes
450 1141 605 1201 extrahunt,
623 1157 739 1209 eamque
755 1157 849 1194 secum
870 1142 1051 1209 deportantes,
1064 1146 1091 1194 et
1103 1142 1180 1209 quasi
1199 1148 1277 1210 capta
1292 1141 1381 1209 praeda
1392 1142 1468 1195 exul·

248 1243 343 1303 untes,
352 1240 528 1308 maximeque
537 1241 592 1293 dux
601 1255 696 1293 eorum
709 1244 802 1309 optata
813 1240 924 1309 virginis
936 1241 1092 1294 inventione
1104 1242 1281 1294 vehementer
1293 1241 1467 1302 exhilaratus,

247 1338 1466 1407 perveniuntadlocumnomiueChaider·icum,ubinuncinhouoreomniumsanctorum
1550 1405 1552 1408 .

202 1441 231 1490 to
247 1438 368 1491 etsaucti
377 1438 495 1502 Ve'dasti,
505 1455 586 1507 quem
599 1439 802 1492 Cameracensis
813 1455 861 1492 seu
871 1438 1058 1492 Atrebatensis
1067 1439 1212 1507 provinciae
1224 1440 1427 1506 predicatorem
1440 1445 1469 1493 et

246 1541 379 1590 rectorem
392 1537 507 1605 legimus
518 1538 636 1606 primum
648 1539 739 1602 fuisse,
756 1539 843 1592 sedet
856 1537 884 1591 in
902 1538 1079 1592 veneratione
1093 1538 1215 1604 ejusdem
1228 1538 1340 1606 virginis
1354 1539 1468 1591 ecelesia

247 1641 402 1689 constructa
419 1636 544 1690 babetur.
562 1637 646 1690 Porro
658 1638 786 1706 praefatus
798 1637 955 1691 Harduiuus
967 1643 998 1690 ut
1013 1637 1064 1690 sibi
1078 1636 1242 1690 consentiret
1253 1636 1392 1701 sollicitus,
1404 1653 1466 1690 eum

247 1734 351 1789 tristem
369 1752 430 1788 eam
448 1735 587 1790 blanditiis
612 1736 733 1800 delinire,
742 1753 813 1791 nunc
834 1737 993 1806 procacibus
1010 1736 1091 1789 minis
1108 1737 1244 1789 deterrere
1261 1736 1400 1798 niteretur,
1421 1735 1466 1788 illa

246 1834 388 1902 intrepida,
399 1840 494 1903 utpote
505 1835 606 1904 Spiritu
616 1836 665 1889 Dei
678 1837 814 1903 roborata,
831 1838 966 1890 memoria
977 1837 1088 1904 dignum
1102 1836 1154 1888 tate
1166 1836 1190 1887 ei
1202 1835 1277 1888 dedit
1289 1851 1448 1904 responsum
1461 1854 1466 1887 :

200 1932 230 1980 ts
246 1932 374 1991 Frustra.
386 1933 483 2000 inquit,
500 1950 515 1986 o
528 1952 678 2000 persicasor
693 1938 767 1999 moti,
777 1939 885 2003 frustra
900 1953 1025 1988 venerioso
1043 1937 1122 1988 cerba
1138 1938 1292 2003 praetendis,
1313 1953 1359 1988 nec
1378 1943 1402 1987 te
1423 1952 1468 1988 nec

247 2033 337 2084 minas
347 2040 410 2085 tuas
421 2036 539 2086 curanti.
553 2036 632 2099 (istiu,
644 2037 805 2088 nullomodo
816 2036 1037 2088 cnrsumtaberis
1057 2037 1109 2087 mei
1119 2036 1266 2102 praepedire
1284 2036 1389 2099 caletis,
1401 2036 1469 2101 quin

247 2130 360 2182 reddam
371 2131 512 2184 ditissimo
520 2140 578 2184 rota
590 2149 651 2185 mea
661 2135 801 2186 castitatis.
815 2133 901 2199 Cujus
919 2135 988 2185 iuter
999 2135 1055 2185 alia
1067 2134 1122 2185 trac
1133 2140 1229 2186 sancta
1240 2133 1434 2186 exhortationis
1445 2141 1469 2186 et

246 2230 298 2294 piac
307 2231 498 2283 consolationis
509 2232 587 2283 aerbo
598 2240 669 2297 sunt,
684 2240 713 2284 ut
725 2249 893 2300 nequaquam
907 2249 1030 2299 sequaces
1047 2235 1094 2284 eiu
1110 2234 1300 2284 mandatorum
1319 2234 1377 2298 ejus
1394 2240 1468 2286 tuam

247 2327 331 2379 ettibi
349 2330 481 2380 similium
500 2331 600 2383 rabiem
619 2333 813 2397 pertimescant,
834 2334 882 2399 qni
898 2333 1004 2398 quidem
1025 2347 1122 2397 corpus
1137 2333 1279 2398 perimere,
1299 2333 1345 2384 aed
1364 2333 1468 2384 arretium

198 2426 231 2476 20
248 2427 345 2478 anima
355 2432 453 2478 mnam
464 2431 560 2481 mortis
567 2431 678 2496 potestis
690 2431 799 2495 inferre.
812 2431 870 2496 Epo
880 2432 972 2496 initur,
981 2432 1068 2496 ipsius
1080 2431 1133 2481 Dei
1144 2431 1325 2482 nreianimata
1337 2432 1468 2483 doctrinis

249 2528 273 2574 et
282 2523 383 2587 confisa
394 2529 549 2591 promissis,
561 2529 628 2580 bonu
640 2530 699 2593 eiua
710 2530 788 2581 credo
800 2545 840 2580 nie
852 2530 974 2580 visuram
987 2531 1015 2580 iu
1025 2531 1119 2594 patria
1136 2529 1240 2590 calesti,
1256 2531 1390 2580 corisortio
1406 2546 1477 2582 san·

249 2626 352 2673 darum
364 2624 503 2690 or'rpiuum
514 2627 602 2693 ipsius
608 2630 701 2691 pratia
712 2644 770 2679 cum
780 2629 860 2694 piena
870 2628 972 2693 antidio
979 2634 1174 2693 percepturam.

288 2715 347 2774 20.
372 2721 421 2774 His
438 2719 516 2773 dictis
528 2721 650 2789 protinus
666 2738 696 2775 se
707 2722 740 2775 de
752 2726 824 2775 sorte
833 2722 1013 2790 pessimorum
1027 2726 1188 2790 extorquere
1200 2722 1302 2785 volone,
1312 2740 1327 2776 e
1339 2722 1467 2776 manibus

248 2815 399 2870 tenentium
413 2816 525 2871 viriliter
542 2819 667 2873 elabitur.
679 2820 730 2873 Sed
744 2821 900 2874 Harduinus
910 2837 1029 2883 cernens,
1042 2821 1119 2873 furiis
1128 2823 1156 2873 et
1167 2824 1305 2873 commoto
1317 2820 1379 2872 felle
1390 2820 1467 2873 mali·

197 2919 231 2969 25
247 2912 290 2966 tiae
301 2930 358 2968 sure
369 2931 524 2979 succensus,
534 2932 594 2969 earn
607 2918 766 2986 insequitur,
778 2924 805 2971 et
822 2918 948 2971 frendens
960 2923 1086 2986 exempto
1103 2916 1192 2985 gladio
1205 2934 1358 2986 percussam
1372 2918 1468 2970 intere·

247 3012 408 3067 ruit⁴.Etsic
417 3014 512 3067 victrix
520 3016 713 3078 anima‚carnis
726 3016 840 3070 vinculis
849 3017 947 3079 soluta,
956 3034 1017 3070 cum
1029 3016 1119 3085 palma
1129 3017 1258 3084 martyrii,
1267 3033 1349 3084 quam
1359 3032 1466 3082 semper

247 3117 396 3180 optauerat,
408 3119 566 3181 perpetuam
578 3115 694 3168 coelestis
710 3115 784 3183 regni
796 3115 894 3184 adepta
906 3120 947 3168 est
963 3115 1143 3168 mansionem.
1155 3116 1255 3168 Verum
1268 3131 1365 3183 corpus
1382 3130 1465 3168 sacrae

248 3210 357 3279 virginis
368 3213 463 3281 quanti
472 3213 642 3266 essetmeriti
652 3218 678 3267 et
690 3231 773 3283 quam
786 3214 905 3283 pretiosa
917 3216 976 3281 ejus
987 3231 1062 3267 mors
1072 3219 1143 3267 esset
1155 3214 1182 3267 in
1193 3219 1339 3281 conspectu
1350 3213 1466 3278 Domini,

247 3315 398 3363 monstrare
410 3311 493 3365 etiam
511 3311 538 3365 in
553 3313 632 3366 terris
649 3313 866 3367 clementissima
878 3312 979 3382 placuit
990 3312 1133 3365 divinitati.
1146 3312 1214 3365 Nam
1227 3312 1273 3365 ubi
1286 3311 1465 3379 profluentem

195 3411 229 3461 ³⁰
246 3408 399 3463 deuoluere
408 3411 549 3464 morientis
560 3412 681 3480 corporis
692 3413 816 3465 funestus
827 3411 966 3465 homicida
978 3428 1102 3465 eruorem
1113 3411 1255 3479 perspexit,
1263 3411 1354 3463 statim
1364 3411 1465 3464 amisso

246 3504 348 3559 lumine
364 3510 506 3577 repentina
517 3527 660 3579 percussus
672 3516 713 3565 est
724 3512 853 3575 caritate,
864 3517 895 3565 ut
904 3513 977 3579 justo
988 3512 1090 3579 judicio
1103 3509 1281 3564 exterioribus
1292 3510 1468 3562 damnaretur

246 3605 372 3669 tenebris,
393 3606 440 3674 qui
457 3608 609 3662 voluntarie
626 3610 754 3663 tenebras
774 3609 916 3663 interiores
936 3609 1104 3677 patiebatur'
1117 3608 1241 3675 malignae
1261 3607 1369 3659 mentis.
1389 3605 1466 3658 Tunc

246 3720 343 3758 omnes
361 3705 399 3759 illi
410 3707 457 3775 qui
470 3708 494 3761 ei
512 3709 720 3773 comitabantur,
737 3709 796 3762 riso
809 3714 886 3762 tanto
898 3708 1031 3762 miraculo
1052 3707 1194 3776 perterriti,
1211 3722 1322 3774 quaqua
1339 3709 1466 3772 poteraut

246 3802 356 3872 diffugio
368 3804 566 3873 disperguntur.
578 3808 611 3860 Et
627 3824 661 3861 ne
679 3808 743 3876 quid
756 3807 844 3861 simile
856 3807 900 3860 vei
911 3807 1030 3860 deterius
1049 3808 1089 3860 eis
1104 3805 1278 3871 contingeret,
1296 3819 1328 3856 ex
1341 3801 1466 3871 praesenti

194 3902 230 3953 35
246 3901 366 3955 vindicta
381 3903 430 3956 Dei
442 3904 671 3972 pertimescentes,
685 3905 778 3958 relicto
791 3905 860 3958 duce
877 3921 927 3958 suo
940 3904 1102 3973 quantocius
1115 3904 1149 3955 ad
1166 3920 1216 3955 sua
1228 3902 1329 3970 quique
1340 3917 1396 3953 non
1408 3899 1467 3952 sine

245 4000 406 4054 contusione
417 4003 589 4071 repedarunt.

287 4096 345 4154 21.
368 4097 433 4153 Post
444 4100 502 4154 haec
514 4100 605 4153 statim
619 4100 717 4153 diffusa
733 4101 945 4167 circumquaque
962 4100 1026 4153 iacti
1038 4099 1120 4166 hujus
1132 4099 1213 4160 fama,
1226 4098 1366 4150 audientes
1379 4097 1466 4150 beatae

245 4196 411 4251 laudandis
419 4202 553 4267 parentes,
562 4197 609 4250 tali
621 4213 682 4251 eam
694 4196 828 4265 passionis
841 4213 939 4265 genere
951 4203 1111 4265 praesentem
1130 4196 1215 4248 uitam
1228 4195 1326 4258 finisse,
1338 4194 1466 4261 adjuncta

245 4293 458 4363 propinquorum
473 4298 590 4356 caterva,
601 4310 663 4347 eum
681 4310 797 4348 moerore
817 4298 846 4347 et
857 4295 957 4347 affectu
969 4294 1075 4362 lugubri
1087 4310 1120 4346 eo
1131 4297 1316 4361 properantes,
1329 4292 1465 4359 simulque

194 4392 227 4444 to
244 4390 326 4443 turba
337 4390 537 4458 provinciarum
551 4390 692 4458 utriusque
702 4408 783 4445 sexus
800 4392 921 4445 novitate
940 4390 1056 4443 rumoris
1073 4390 1190 4452 excitati,
1208 4391 1327 4457 umlique
1345 4394 1465 4442 caterva·

246 4489 295 4543 tim
308 4489 449 4543 irruentes.
460 4489 552 4542 debito
561 4489 667 4543 honore
679 4490 807 4558 exequias
819 4494 923 4558 parant,
935 4489 1060 4542 funebria
1073 4489 1209 4557 complent
1221 4489 1360 4556 obsequia.
1372 4487 1467 4540 Plures

244 4587 328 4642 etiarn
341 4587 516 4641 sacerdotalis
533 4604 581 4641 seu
600 4588 731 4642 clericalis
748 4587 850 4641 ordinis
867 4604 929 4641 cum
950 4586 1014 4640 illuc
1034 4587 1132 4640 deuote
1152 4587 1350 4650 convenissent,
1367 4603 1465 4656 corpus

245 4685 346 4741 feretro
356 4685 536 4754 compositum
547 4686 710 4750 detulerunt,
722 4703 784 4740 cum
796 4686 906 4755 hymnis
918 4690 1000 4754 atque
1012 4687 1178 4754 psalmorum
1191 4685 1317 4750 melodia,
1330 4685 1357 4739 in
1374 4686 1465 4739 basili·
