3270 5400
244 381 337 433 BIBL.
355 381 436 437 ΒΕΘ.
455 383 626 434 BRUXELL.
645 404 691 414 -
710 383 857 436 tessun.
876 385 921 435 ΑΙ)
940 385 1018 437 COD.
1037 377 1076 437 N⁰
1092 384 1169 438 libi.
1273 365 1320 439 23

106 571 254 624 oudatenus
263 572 401 636 factarum
413 573 484 640 qnod
494 572 650 638 hortamini,
659 575 725 640 quia
734 575 767 626 ab
779 574 900 639 insontia
912 590 969 626 mea
979 576 1145 641 oirqinitatis
1154 591 1214 630 mes
1222 593 1321 629 munus

104 670 155 722 Deo
166 673 325 736 consecravi,
337 678 361 722 et
371 672 534 738 nuptiarum
544 673 644 739 copula
654 673 693 724 cel
704 675 820 725 terrenis
833 674 963 726 illecebris
974 690 1072 740 corpus
1082 690 1169 727 meum
1182 677 1321 741 implicari

104 769 172 820 nullo
183 770 268 831 nudo,
279 771 333 833 sed,
344 771 414 822 sicut
419 771 482 834 jam
493 771 557 822 olim
566 771 720 823 devoveram
729 772 780 822 uni
794 773 860 835 viro,
870 771 925 823 Deo
933 788 1038 838 sponso,
1047 774 1176 839 virqincm
1184 782 1208 826 et
1219 781 1319 827 castam

104 867 219 918 mbibere
229 868 361 934 disposui.
375 869 438 933 Qua
448 885 508 920 cum
526 870 565 921 ita
577 870 640 929 sint,
652 875 681 920 tu
693 885 708 921 o
718 876 804 935 poter,
814 871 928 935 proinde
939 886 1030 923 cavere
1041 872 1176 936 debueras,
1193 889 1226 925 ne
1238 875 1269 926 de
1279 889 1321 927 me

76 970 89 1018 b
103 965 150 1016 ulli
165 965 303 1018 bominum
313 968 434 1034 aliquam
445 968 602 1034 pactionem,
620 984 661 1020 me
671 970 768 1032 nescia,
779 969 883 1033 faceres
899 987 908 1019 :
922 971 1071 1034 prasertim
1087 987 1147 1023 cum
1164 974 1194 1022 in
1206 989 1236 1024 ea
1247 979 1320 1026 atate

96 1064 154 1128 jorn
161 1065 334 1130 profecerim,
345 1072 375 1117 ut
387 1067 458 1131 qnod
468 1066 538 1117 milri
547 1067 583 1118 sit
594 1067 691 1117 inutile
702 1067 796 1118 amodo
808 1068 959 1119 discernere
968 1069 1078 1132 possim.
1095 1067 1138 1119 Sic
1150 1069 1232 1121 etinta
1243 1070 1319 1138 virgo

102 1159 201 1213 addidit
217 1161 302 1214 etiam
324 1161 401 1214 baec:
416 1164 493 1227 Quod
512 1170 599 1215 autem
611 1170 754 1230 utrumque
765 1179 813 1224 ine,
824 1165 947 1230 conjupio
964 1166 1063 1216 scilicet
1074 1172 1097 1217 ct
1111 1167 1248 1218 mandatis
1259 1168 1318 1231 Dei,

101 1258 230 1310 deservire
242 1262 413 1326 opposuistis,
422 1261 491 1313 absit
504 1277 521 1312 a
529 1277 569 1313 ore
578 1267 607 1312 ut
620 1262 767 1328 quidquam
776 1262 828 1312 tale
839 1278 926 1326 aqam,
937 1278 997 1313 cum
1008 1264 1090 1315 niueis
1102 1264 1249 1315 absurdum
1259 1281 1318 1330 pos·

101 1358 134 1408 sit
144 1358 239 1420 sideri,
256 1360 283 1410 si
294 1361 384 1410 anrori
390 1360 498 1426 prioris
514 1361 607 1424 spousi
619 1358 803 1425 Redemptoris
820 1361 873 1410 mei
884 1360 1001 1426 aliquem
1017 1363 1156 1412 mortalem
1166 1362 1318 1415 bomnucio-

61 1459 85 1509 lt
100 1468 162 1515 uem,
174 1455 299 1519 quamvis
308 1461 447 1520 potentem,
458 1455 676 1521 superinducam.
695 1455 726 1507 Ut
747 1471 809 1521 erqo
824 1455 904 1519 liccem
925 1457 1056 1508 sermonis
1065 1458 1172 1522 pariter
1189 1459 1317 1522 audiatis,

96 1566 147 1618 pro
165 1558 236 1604 certo
256 1553 383 1605 noveritis
402 1571 411 1603 :
432 1553 503 1619 quod
522 1569 541 1604 a
553 1553 631 1618 justo
648 1554 786 1618 proposito
803 1559 826 1605 ct
846 1561 938 1605 sarrcta
949 1555 1083 1619 mandato,
1103 1571 1143 1607 me
1157 1557 1249 1619 qratia
1267 1557 1320 1610 Dci

92 1649 210 1712 juvante,
222 1666 371 1717 rrurrrquom
382 1650 490 1701 deviabo
503 1667 513 1701 .·
531 1651 577 1702 sed
588 1650 689 1701 aneilla
703 1648 807 1702 Cornu
823 1652 985 1704 castimonia
1003 1652 1093 1704 dedita
1105 1669 1188 1719 usque
1199 1655 1228 1704 iu
1238 1655 1318 1718 finem

98 1748 276 1812 perseverabo.

141 1841 197 1897 14.
221 1843 286 1895 Haec
299 1842 391 1895 dicens
402 1847 498 1895 sancta
510 1840 586 1911 virgo
597 1842 646 1894 Dei
658 1841 749 1909 puella
760 1857 810 1894 nec
827 1842 901 1910 quod
913 1842 1012 1895 licebat
1023 1843 1160 1913 appetivit,
1177 1860 1227 1897 nec
1244 1846 1318 1913 quod

57 1949 84 1999 tt
99 1941 246 2009 cogebatur
256 1938 408 2001 consensit;
424 1939 472 1991 sed
489 1943 633 2007 parentum
652 1955 764 1991 suorum
777 1938 929 1991 contrarios
941 1943 1056 1992 conatus
1073 1940 1218 2008 superavit.
1230 1941 1318 1995 iratus

99 2043 234 2106 estpater,
246 2037 369 2091 fortassis
380 2036 497 2105 ploravit
513 2041 601 2089 mater
618 2055 624 2089 ε
643 2051 698 2089 non
716 2036 821 2088 curavit
833 2035 887 2099 illa,
905 2036 947 2088 cui
967 2041 1030 2089 ante
1047 2037 1141 2090 oculos
1159 2038 1319 2091 versabatur

101 2137 265 2205 ‘Speciosus
277 2137 366 2189 torma
382 2153 436 2204 prae
448 2135 510 2188 tiliis
522 2135 674 2189 hominum.
689 2177 700 2199 ,
714 2134 792 2187 Talis
803 2134 920 2187 invicem
933 2135 973 2188 eis
984 2136 1219 2204 prosequentibus,
1232 2137 1316 2190 immo

97 2235 318 2303 disceptantibus,
328 2250 384 2288 non
395 2235 453 2287 sine
462 2234 554 2302 aliqua
566 2233 770 2308 perturbatione
782 2232 930 2286 discessum
943 2237 992 2287 est

140 2332 196 2391 15.
219 2332 336 2400 lantque
345 2331 514 2397 dissederat,
523 2347 606 2398 quam
620 2331 653 2383 de
663 2330 852 2398 desponsanda
860 2330 963 2398 virgine
975 2335 1081 2398 patrem
1093 2331 1152 2398 ejus
1164 2335 1191 2384 et
1202 2332 1318 2388 Hardui-

57 2442 87 2493 to
102 2448 167 2486 num
184 2448 267 2500 supra
285 2431 387 2484 dictum
405 2435 447 2483 est
463 2429 646 2482 constituisse.
658 2427 710 2494 Qui
725 2444 807 2496 supra
819 2428 932 2481 modum
942 2428 1065 2481 ambiens
1074 2430 1211 2484 connubio
1223 2431 1319 2499 puellas

100 2531 209 2600 perfrui,
217 2529 332 2584 collecta
348 2527 471 2581 affinium
487 2543 599 2580 snorum
610 2526 796 2580 etamicorum
806 2526 908 2594 ingenti
918 2528 1176 2590 caterva,adlocum
1186 2533 1319 2583 statutum

101 2629 227 2683 devenire
244 2627 364 2681 festinat.
376 2627 412 2679 nt
427 2642 492 2680 vero
505 2625 640 2679 Hunlinus
656 2625 750 2679 multis
761 2625 869 2679 interim
888 2625 1087 2694 circumseptus
1098 2627 1319 2697 angustiis‚quod

99 2726 201 2781 scilicet
217 2727 282 2780 hinc
303 2726 386 2778 filiam
410 2741 487 2778 suam
511 2728 609 2777 cuncta
631 2739 692 2791 quae
711 2724 736 2776 ei
758 2724 791 2776 de
814 2724 917 2791 nuptiis
946 2724 1135 2790 hortabantur,
1157 2726 1320 2780 obstinatius

99 2831 273 2895 respuentem
286 2824 403 2887 videbat,
417 2823 489 2876 illinc
501 2822 653 2875 iomnidans
664 2837 719 2875 non
732 2821 760 2874 in
771 2838 931 2891 prosperum
944 2822 997 2874 sibi
1014 2823 1109 2875 cedere
1126 2823 1149 2875 si
1166 2840 1229 2877 reus
1245 2841 1320 2879 men·

55 2933 85 2983 ι’,
101 2922 169 2975 dacii
181 2926 210 2975 ei
220 2924 393 2987 contemptor
404 2917 587 2989 potentissimi
598 2917 649 2970 viri
661 2917 729 2970 iram
747 2918 806 2985 ejus
823 2919 981 2981 incurreret,
993 2925 1161 2987 assumptam
1179 2920 1320 2989 virginem,

99 3021 181 3076 nimis
198 3020 379 3073 reluctantem
397 3018 483 3086 magis
504 3033 587 3085 quam
605 3016 628 3069 si
648 3017 800 3069 traheretur
818 3017 852 3069 ad
870 3032 1015 3081 carcerem,
1027 3017 1060 3070 ad
1073 3018 1216 3086 praefatum
1229 3020 1318 3073 locum

100 3138 191 3175 secum
203 3119 322 3173 deducit
335 3118 387 3172 Ubi
399 3134 461 3171 cum
481 3118 514 3171 de
532 3133 609 3170 more
628 3133 660 3169 ea
677 3133 739 3184 quae
757 3117 916 3183 hujusmodi
933 3117 1136 3185 desponsationi
1154 3120 1321 3174 conveniunt

100 3224 251 3289 agerentur,
263 3219 330 3286 quid
342 3217 417 3285 virgo
435 3216 576 3270 renitendo
594 3215 689 3269 iecerit
705 3216 806 3283 quidve
823 3216 1034 3269 contradicendo
1047 3217 1145 3271 dixerit
1156 3219 1230 3272 haud
1242 3219 1320 3274 facile

101 3324 141 3373 est
153 3319 244 3373 verbis
256 3317 416 3385 exprimere.
427 3316 488 3368 lam
502 3315 574 3368 enim
587 3314 629 3367 sui
642 3314 845 3383 quodammodo
857 3330 977 3383 praesaga
988 3317 1119 3384 martyrii,
1130 3317 1156 3370 in
1168 3318 1228 3372 haec.
1237 3320 1319 3373 rerba

54 3424 83 3477 to
99 3434 191 3473 coram
204 3416 309 3471 cunctis
320 3414 456 3483 intrepida
474 3430 541 3467 voce
553 3413 675 3482 prorupit
687 3431 693 3465 τ
711 3415 799 3479 Video,
811 3413 907 3479 inquit,
920 3421 943 3466 et
954 3417 1022 3466 satis
1033 3418 1166 3469 ammiror
1176 3435 1221 3471 vos
1232 3435 1321 3473 munes

98 3520 146 3585 qui
153 3518 285 3569 adversas
294 3516 441 3580 puellulam
455 3530 537 3565 unam
549 3515 714 3575 convenistis,
726 3513 841 3565 laborem
853 3529 958 3565 cassum
970 3530 1105 3567 assumere
1120 3523 1143 3567 ct
1156 3518 1250 3570 inania
1263 3525 1319 3570 tra-

96 3624 169 3669 ctare
177 3616 292 3668 consilia
300 3630 332 3666 ac
339 3614 478 3679 superflua
489 3614 599 3665 miscere
607 3612 975 3678 colloquia,nullumprorsus
984 3629 1110 3680 viniquom
1119 3616 1237 3680 effectum
1246 3617 1319 3668 itabi-

96 3722 169 3780 tura,
178 3714 225 3766 scd
232 3714 361 3778 fortassis
374 3713 402 3763 in
406 3713 557 3778 perniciem
566 3711 686 3776 alicujus
696 3711 829 3762 nocitura.
841 3711 994 3763 Certissima
1003 3713 1073 3762 enim
1085 3714 1155 3778 qnod
1167 3729 1244 3778 apere
1255 3717 1319 3767 criti·

96 3813 173 3874 mini,
185 3812 267 3877 quasi
275 3812 355 3862 inane
363 3810 544 3877 reputandum
553 3815 591 3861 est
601 3828 610 3860 :
622 3809 694 3876 quod
704 3825 743 3860 me
751 3809 880 3860 nolentem
889 3816 913 3861 et
926 3811 1037 3861 intuitum
1046 3811 1097 3862 tali
1105 3814 1319 3868 moritotraderc

49 3915 81 3967 35
95 3909 234 3971 laboratis,
247 3910 302 3975 qui,
310 3910 389 3960 etiam
399 3910 424 3960 si
433 3909 611 3960 imminentem
619 3908 717 3958 ceruici
725 3923 785 3959 meu
794 3909 895 3959 minaci
905 3909 1015 3959 dextera
1023 3908 1145 3974 pladium
1154 3914 1319 3977 amputando

95 4009 180 4074 sapui
188 4009 353 4074 imposuerit,
359 4009 452 4073 qratia
463 4007 522 4071 ejus
528 4013 677 4072 proteqcnte
688 4006 734 4057 cui
742 4021 839 4072 sponso
848 4022 889 4058 me
897 4013 953 4058 tota
964 4007 1097 4059 devotione
1105 4011 1234 4072 conamini,
1244 4027 1318 4061 num·

96 4122 177 4174 quom
189 4122 231 4157 me
240 4122 350 4159 uxorem
361 4105 473 4157 babebit.

139 4200 196 4259 16.
219 4201 277 4255 Hac
289 4202 411 4255 oratione
423 4201 524 4265 habita,
537 4206 630 4253 tamen
641 4200 805 4267 desponsata
817 4201 921 4268 virgine
934 4204 1084 4254 conventus
1102 4201 1147 4254 ille
1164 4201 1278 4256 solvitur
1289 4208 1317 4257 el

95 4301 249 4371 adpropria
257 4301 358 4368 quique
370 4304 551 4358 revertuntur.
560 4300 600 4353 Ex
611 4299 655 4352 his
667 4299 759 4366 elapsa
770 4298 845 4366 virgo
856 4303 882 4350 et
894 4298 927 4351 de
944 4298 1043 4366 laqueo
1053 4301 1211 4354 venantium
1224 4305 1316 4370 erepta

45 4407 78 4461 tu
93 4401 131 4455 ad
147 4402 262 4455 domum
278 4404 419 4468 paternam
436 4399 603 4468 regreditur;
618 4398 760 4467 multoque
778 4397 896 4465 amplius
913 4414 995 4465 quam
1015 4398 1096 4451 solita
1113 4404 1178 4462 erat,
1189 4399 1316 4467 operibus

94 4501 198 4554 sanctis
204 4499 260 4566 jnm
271 4499 298 4551 in
310 4499 399 4567 palam
413 4497 536 4551 insistere
548 4498 637 4566 coepit.
650 4497 682 4550 Et
693 4497 764 4550 sicut
775 4496 861 4550 electa
878 4512 962 4564 grana
974 4498 1111 4550 seminum
1130 4498 1171 4551 rel
1189 4498 1317 4567 quaelibet

94 4599 205 4666 quando
215 4601 340 4650 teruntur
347 4601 480 4660 aromata,
488 4613 521 4650 ex
531 4596 694 4650 contritione
702 4596 835 4663 majorem
846 4595 880 4648 de
890 4596 1101 4664 seiragrantiam
1110 4598 1124 4624 ⁵
1133 4596 1269 4662 emittunt,
1278 4598 1317 4651 sic
1397 4603 1411 4628 ⁹
1422 4603 1478 4677 cod.

94 4696 156 4765 ipsa
169 4700 274 4765 quanto
289 4696 442 4764 graviorem
459 4700 664 4763 persecutorum
681 4695 816 4748 eastitatis
832 4710 888 4748 snae
905 4709 1061 4763 pressuram
1079 4695 1221 4761 tolerabat,
1239 4700 1316 4750 tanto
1348 4665 1528 4733 fraglanuam·
