3270 5400
194 318 269 391 452
530 339 657 390 cirin
682 338 789 390 oonn.
813 336 1092 389 moronensem

195 528 241 582 tie
259 527 424 591 inmane,
441 544 527 597 quam
547 528 729 598 reerigebat
745 529 878 582 indicunt
895 528 1027 581 Traditum
1041 544 1109 581 ruox
1128 527 1261 596 episcopo
1279 527 1422 582 servandus

195 628 287 681 honor
297 626 403 696 imperii
415 634 443 681 et
454 628 479 662 ²¹
489 630 565 698 regni
575 634 697 697 potestns
706 629 834 698 [npriei
845 629 870 662 33
880 628 929 681 alii
941 627 1068 681 simililer
1076 627 1195 681 antistiti
1212 627 1423 681 commendetur.

195 727 1423 798 Emtsstgitmseorsumsingmissindrufihnesss.pensnoedenuuausnonpamm

195 831 237 881 tes
250 827 392 883 laboribus
411 834 443 882 ut
462 835 605 898 parcerent
615 829 770 883 auimnbus.
790 828 910 895 Singulis
928 827 1010 881 annis
1028 828 1134 881 adeunt
1154 828 1304 881 mentitam
1320 832 1352 880 ut
1370 827 1424 894 ejus

195 926 308 980 monitis
318 927 344 963 ²¹
365 930 578 997 animaequiores
588 930 615 964 ⁸¹
630 929 722 983 etiecti
738 929 774 982 ad
785 929 810 962 ¹¹
827 928 1013 997 peragendum
1032 927 1201 997 penitentia
1216 943 1330 981 cursum
1346 926 1447 993 marist

195 1025 454 1082 reddenturidouei.

238 1126 295 1184 10.
313 1126 424 1181 iuterim
434 1125 665 1180 suavolubilitete
674 1126 684 1159 ¹
693 1125 867 1194 septennium
877 1130 906 1178 et
914 1140 989 1178 anno
997 1124 1096 1178 ultimo
1105 1125 1164 1192 jum
1173 1124 1423 1194 penetoadlotum

194 1224 371 1289 conveniam,
383 1223 418 1277 de
429 1223 442 1257 3
453 1222 553 1291 quoad
562 1237 684 1275 emmum
694 1221 842 1274 ascendere
850 1221 864 1255 ⁸
872 1226 1041 1274 consuerunt
1050 1220 1069 1273 ⁴.
1074 1221 1204 1274 Gaudent
1210 1222 1423 1274 communiteret

195 1326 323 1381 letentur
338 1324 414 1393 quod
425 1321 541 1376 feliciter
551 1320 718 1375 exsolverint
730 1321 742 1356 ¹
753 1321 918 1390 penitentie
930 1327 1039 1390 tempus
1047 1326 1076 1374 et
1086 1325 1186 1374 mutua
1197 1321 1252 1375 sibi
1261 1320 1423 1390 jocundius

195 1423 397 1495 plaudentibus,
409 1423 436 1477 in
449 1422 616 1476 immensum
633 1421 733 1475 mulier
744 1426 800 1474 tarn
816 1422 889 1489 patri
904 1437 989 1490 quam
1007 1421 1065 1474 tilio
1076 1421 1280 1489 congaudebat
1292 1419 1424 1488 Perpunt¹
1435 1423 1458 1474 tt

196 1526 298 1593 pariter
309 1525 344 1577 ad
356 1522 481 1577 cellulam
493 1521 630 1585 eremitae3
641 1522 689 1575 sed
702 1522 768 1575 dum
777 1522 830 1575 iter
840 1526 960 1591 agerent,
971 1521 1086 1589 contigit
1096 1526 1128 1574 ut
1139 1520 1302 1576 advenienti
1313 1519 1389 1575 militi
1399 1519 1423 1572 in

196 1624 256 1693 ipsa
272 1623 399 1678 vastitate
416 1621 593 1676 solitudinis¹
609 1620 761 1675 obviarent.
776 1619 880 1688 Quaerit
891 1620 937 1674 ille
953 1621 1001 1688 qui
1023 1620 1086 1684 sint,
1100 1637 1158 1688 quo
1175 1620 1311 1686 vndunt⁸,
1321 1623 1349 1673 et
1358 1619 1422 1673 unde

196 1722 309 1778 veniant
320 1721 481 1776 sciscitetur.
498 1721 677 1789 Respondent
693 1739 700 1772 :
719 1721 849 1774 Homines
857 1721 1052 1787 punitentiates
1062 1737 1170 1782 sumus,
1187 1728 1214 1773 et
1229 1720 1270 1772 nd
1280 1721 1368 1773 tirum
1378 1719 1422 1773 nrt

196 1825 246 1890 qui
255 1824 306 1876 iios
318 1823 409 1876 incolit
420 1823 550 1887 repones,
558 1837 610 1887 pro
621 1822 733 1872 consitio
745 1819 864 1873 nortroe’
874 1821 974 1872 solutis
985 1821 1064 1871 imus.
1076 1818 1113 1871 nt
1123 1817 1169 1871 ille
1183 1819 1215 1881 ¹⁰,
1233 1817 1326 1884 Video,
1336 1817 1421 1885 inquil

196 1923 268 1990 quod
275 1921 470 1990 paenitentiales
484 1922 564 1985 esus,-
581 1920 628 1972 sed
639 1927 669 1972 ut
680 1920 749 1971 mitri
766 1920 872 1971 ridetur
889 1919 978 1985 effipie
993 1919 1114 1985 quodum
1131 1919 1278 1972 nobiiioris
1290 1918 1454 1984 conquisisti

195 2021 361 2087 presuipetis
372 2019 402 2072 ¹¹.
419 2019 508 2072 Hodie
521 2020 606 2085 ipitur
618 2020 647 2070 in
664 2019 742 2071 dorne
754 2035 812 2071 meo
825 2034 935 2070 monere
946 2034 992 2070 nos
1008 2018 1146 2082 mecerin
1163 2020 1231 2085 puio
1250 2035 1307 2071 ecee
1322 2016 1420 2070 tenebra

195 2121 320 2187 operiunt
330 2126 442 2180 terrum,
454 2125 478 2171 et
488 2118 562 2171 cobis
568 2118 647 2170 bodie
652 2118 760 2183 jejunio
768 2117 1191 2184 sotipatisndconsummondum
1196 2118 1367 2185 propositum
1376 2118 1419 2168 iter

196 2219 352 2286 brevisque
368 2225 490 2287 superest
506 2218 575 2271 loro
590 2233 643 2271 non
660 2217 771 2282 suffieit.
789 2215 929 2284 Compulit
939 2231 988 2269 eos
1005 2214 1106 2285 oppido
1125 2214 1265 2270 divertere
1277 2214 1305 2269 in
1318 2215 1417 2269 domun

196 2332 275 2371 suam
287 2317 317 2381 33,
329 2321 357 2370 et
375 2317 510 2384 instructo
527 2314 661 2379 convivio,
679 2315 813 2369 nobilium
831 2331 947 2384 corpore
957 2311 1049 2368 inedia
1060 2318 1088 2368 et
1099 2314 1293 2382 infatigatione
1308 2313 1418 2368 conserte

196 2415 325 2471 exhibitos
336 2415 515 2469 humanitatis
528 2413 608 2483 copie
619 2415 760 2468 recreavit
772 2414 822 2468 Die
834 2413 921 2468 altera
932 2412 1115 2468 valedicentes
1132 2413 1239 2482 hospiti
1251 2413 1325 2468 viem
1337 2426 1417 2483 prosu·
1427 2410 1449 2460 13

196 2518 318 2583 quuntur
326 2513 477 2583 inceptum;
487 2514 536 2568 sed
547 2512 633 2582 ignari
645 2513 768 2567 locorum
782 2528 874 2567 errore
883 2503 1033 2567 miserabili
1042 2512 1169 2567 teruntur
1180 2513 1211 2568 iu
1222 2512 1342 2568 devium.
1350 2511 1417 2578 Qun·

196 2617 259 2668 runt
269 2613 397 2683 undique,
404 2616 610 2682 perscrutantur
618 2611 730 2681 ubique,
739 2612 762 2666 si
769 2627 838 2680 ques
847 2611 981 2666 viantium
990 2612 1103 2666 semitas
1114 2612 1145 2678 ¹³,
1153 2611 1179 2666 si
1188 2629 1244 2682 qua
1252 2611 1389 2667 homiuum
1398 2608 1415 2644 ¹⁴

196 2711 310 2781 vestigia
321 2712 354 2779 ¹¹,
363 2712 440 2782 signe
453 2712 584 2777 viderent,
596 2727 713 2781 quorum
731 2711 841 2766 tramite
853 2711 1032 2781 procedentes
1043 2712 1079 2766 ud
1090 2711 1200 2766 casulas
1209 2712 1233 2748 ¹¹
1241 2713 1359 2767 eremite
1369 2725 1414 2780 pet·

193 2811 338 2881 tingerent.
355 2811 466 2865 iterent
483 2815 511 2865 et
528 2811 623 2865 dolore
640 2810 728 2865 multo
740 2810 812 2864 iuter
823 2811 951 2879 ambigua
963 2814 1081 2879 stupent,
1093 2810 1159 2865 dum
1172 2827 1238 2866 ecce
1249 2812 1285 2867 ud
1302 2824 1412 2866 omasum

193 2909 240 2963 lux
253 2909 347 2964 divino
356 2910 379 2944 ¹¹
391 2908 549 2975 deflectitur,
567 2913 595 2964 et
612 2908 659 2963 illa
670 2925 815 2964 nemorum
829 2926 916 2979 opaea
927 2909 1100 2964 condensitas
1112 2909 1243 2965 irruentis
1254 2910 1341 2966 noctis
1350 2903 1441 2964 mett

194 3006 251 3061 bris
269 3008 398 3077 operitur.
408 3008 485 3061 Tunc
501 3007 610 3075 juvenis
628 3007 706 3060 anuis
721 3006 870 3075 animoque
883 3007 906 3042 ¹¹
923 3007 1062 3061 robustior
1079 3007 1113 3062 de
1129 3007 1289 3075 jacentibus
1299 3007 1410 3063 orborum

194 3105 267 3160 toliis
277 3111 304 3160 et
313 3105 406 3160 herbis
415 3105 583 3174 quibuslibet
591 3121 641 3159 sua
649 3105 775 3160 ariditate
788 3106 812 3141 33
823 3105 943 3160 decoctis
951 3105 977 3141 ²⁰
989 3106 1100 3160 thorum
1113 3106 1197 3161 struit
1205 3107 1230 3142 ²¹
1238 3107 1322 3177 quieti
1332 3119 1409 3177 peren·

194 3209 253 3259 tum
266 3224 272 3259 :
285 3205 379 3273 eisque
391 3209 421 3259 ut
433 3205 571 3259 dormiant
580 3205 604 3239 ²²
616 3205 776 3260 ammonitis
788 3205 819 3270 33,
830 3204 857 3259 in
868 3205 986 3261 vicinam
998 3205 1126 3260 arborem
1139 3210 1290 3262 nocturnas
1301 3204 1408 3262 excubie

194 3303 389 3359 olnervoturus
397 3304 420 3339 33
432 3303 562 3358 ascendit.
575 3304 649 3358 luter
661 3304 719 3358 haec
738 3304 792 3359 duo
805 3304 844 3358 illi
856 3305 880 3339 ²¹
892 3304 1098 3360 collocanturut
1109 3305 1251 3360 dorminut
1262 3306 1302 3370 33;
1312 3305 1357 3360 sed
1365 3302 1407 3357 dir·

193 3401 273 3456 bolus
286 3408 359 3456 certe
370 3419 427 3457 non
439 3403 541 3457 dormit
550 3403 581 3467 ²¹,
592 3403 657 3461 dum
668 3406 747 3472 putet
756 3420 837 3473 posse
848 3403 873 3438 ²⁸
881 3420 911 3457 se
923 3404 948 3439 33
959 3420 1006 3458 eos
1016 3404 1045 3458 iu
1056 3420 1106 3459 sua
1117 3404 1267 3460 solitudine
1276 3405 1302 3440 ⁸⁰
1311 3396 1435 3462 meent

192 3517 262 3570 quos
275 3501 302 3556 in
314 3517 411 3556 eorum
431 3501 554 3556 thalamo
566 3502 589 3536 33
607 3518 637 3556 se
654 3501 782 3556 meminit
798 3518 949 3571 superasse.
967 3502 1039 3570 Quid
1051 3503 1168 3558 tacimus
1180 3505 1206 3540 33
1217 3504 1284 3560 iesu
1300 3504 1364 3560 bone
1372 3497 1405 3552 331

191 3711 224 3721 -
236 3681 260 3717 33
272 3682 553 3752 (episcopo-termam)
565 3701 616 3738 orii.
625 3684 649 3738 3.
668 3714 700 3721 -
718 3683 742 3718 33
759 3700 810 3739 om.
826 3685 850 3738 3.
868 3711 900 3722 -
918 3685 942 3719 ¹¹
957 3684 1083 3754 Unguriae
1098 3685 1124 3751 l,
1140 3686 1164 3739 5.
1182 3713 1216 3726 -
1233 3686 1259 3723 33
1274 3690 1336 3742 suut
1348 3686 1368 3739 5
1382 3706 1402 3722 ν

191 3762 216 3800 33
226 3782 277 3820 oin.
290 3767 321 3827 ὓς
346 3764 444 3833 pannis
456 3767 519 3819 add.
534 3766 558 3819 3.
576 3795 608 3803 -
626 3765 650 3800 33
667 3783 718 3820 oin.
735 3766 760 3818 i.
780 3795 810 3804 -
829 3766 854 3800 33
871 3771 899 3820 et
917 3769 980 3821 edd.
997 3768 1050 3822 35.
1068 3796 1100 3807 -
1117 3767 1142 3803 33
1158 3769 1309 3824 admonitis
1322 3767 1367 3823 24
1380 3787 1402 3804 ··

190 3846 215 3882 33
223 3846 428 3916 requinimiores
437 3848 489 3901 ne.
499 3875 531 3884 -
542 3847 566 3881 ¹¹
578 3849 628 3902 titt.
641 3848 658 3901 d
669 3866 753 3917 super
764 3865 896 3902 rasurum
908 3849 931 3903 1.

224 3928 292 3984 Nou.
304 3932 342 3984 10.
361 3958 391 3968 -
411 3930 462 3991 ¹(s
472 3929 508 3995 v.)
519 3947 539 3983 s.
552 3930 683 3984 transitur
700 3947 724 3985 v.
737 3932 760 3996 3,
772 3933 802 3996 45
816 3931 912 3985 transit
923 3949 945 3986 s.
963 3932 1108 3987 nobilitate
1122 3934 1147 3988 5.
1164 3960 1199 3971 -
1215 3934 1228 3969 3
1240 3936 1273 4002 (c.
1285 3935 1320 4000 d.)
1329 3943 1400 4004 perte

190 4010 269 4067 niunt
278 4013 309 4076 3;
325 4015 507 4080 pervenerunt
516 4011 544 4065 in
554 4014 578 4076 t,
590 4014 614 4066 5.
622 4044 653 4052 -
661 4013 673 4047 ²
682 4014 811 4067 accedere
823 4014 846 4078 3,
858 4015 882 4067 l.
892 4014 945 4052 -3
957 4020 1159 4070 consueverunt
1167 4016 1193 4082 2,
1203 4017 1235 4081 l;
1246 4019 1306 4086 eytt.
1318 4031 1346 4070 ve
1354 4011 1400 4067 odd

189 4112 249 4165 sup.
261 4098 309 4150 tin.
321 4096 343 4149 l.
352 4124 384 4132 -
395 4094 408 4128 3
420 4094 596 4162 expleverant
605 4096 635 4159 3;
646 4097 808 4150 exolverunt
816 4098 841 4150 5.
855 4123 888 4135 -
899 4097 1054 4166 ¹peragunt
1064 4098 1128 4152 1.-
1138 4098 1150 4132 ¹
1161 4093 1399 4159 sollicitudinis233

191 4175 408 4244 (in-solitudinis)
420 4194 470 4231 oni.
481 4177 506 4230 5.
518 4179 572 4214 -3
588 4178 689 4232 vadant
700 4179 749 4231 15.
762 4207 794 4215 -
806 4179 818 4213 3
830 4182 923 4232 nostro
935 4181 959 4233 3.
968 4204 1000 4213 -
1013 4180 1037 4214 33
1048 4180 1083 4244 (a.
1096 4179 1125 4246 i.)
1135 4199 1186 4236 om.
1195 4183 1221 4236 5.
1237 4210 1271 4220 -
1283 4182 1304 4216 ¹¹
1315 4173 1400 4250 prefui

189 4259 277 4326 uentis
286 4261 309 4313 3.
322 4288 352 4297 -
367 4260 389 4293 ¹¹
401 4260 465 4324 (div.
479 4259 495 4313 i.
504 4259 528 4313 d.
542 4261 573 4324 s.)
583 4259 598 4313 i.
609 4261 633 4313 d.
644 4278 665 4315 s.
677 4261 731 4314 div.
740 4262 764 4314 1.
776 4290 809 4300 -
822 4262 846 4296 33
855 4266 998 4316 cernerent
1010 4263 1072 4317 odd.
1081 4264 1105 4316 5.
1117 4291 1151 4301 -
1163 4263 1187 4299 ¹⁴
1199 4258 1398 4328 humauiihh

186 4350 247 4408 pm
259 4359 389 4396 ‚nm-am
405 4341 426 4395 t.
436 4369 467 4379 -
481 4341 504 4375 ¹⁶
517 4342 621 4411 vestigii
631 4343 654 4406 u,
665 4345 690 4410 r,
703 4344 727 4397 s.
740 4371 770 4381 -
784 4343 807 4378 1⁶
820 4344 940 4397 casulam
953 4345 1048 4398 es-
1060 4344 1084 4378 1¹
1094 4343 1248 4411 demum&
1258 4338 1398 4405 dramati

189 4451 221 4462 -
235 4425 259 4458 33
270 4424 418 4492 unitimque
430 4425 453 4477 5.
467 4451 500 4463 -
513 4424 536 4459 33
551 4424 582 4491 (s.
595 4427 629 4490 e.)
639 4428 702 4489 e.5;
720 4442 745 4480 n.
763 4443 784 4480 s.
795 4428 820 4480 t.
835 4458 867 4466 —
884 4427 908 4461 33
920 4427 1032 4495 dejectis
1044 4427 1067 4481 e
1083 4455 1117 4467 -
1128 4428 1151 4463 ¹¹
1169 4430 1268 4484 stravit
1283 4430 1307 4495 3,
1318 4426 1398 4495 lb*

188 4506 212 4540 33
221 4507 373 4560 dormirent
384 4507 437 4560 u-o.
451 4536 482 4544 —-
494 4507 518 4541 33
528 4506 585 4575 ipse
598 4510 661 4561 add.
673 4509 724 4562 dd.
734 4538 766 4546 —
776 4509 799 4543 ²¹
808 4513 967 4563 servaturus
978 4510 1029 4564 ut.
1041 4540 1073 4550 -
1083 4510 1107 4545 ²¹
1119 4510 1156 4578 (d.
1168 4511 1197 4580 i.)
1209 4512 1260 4567 id.
1270 4514 1295 4567 3.
1305 4541 1335 4551 -
1343 4504 1400 4570 ”ll²

188 4589 225 4653 d.)
237 4606 286 4642 orit.
296 4592 319 4643 3.
332 4617 358 4628 -
372 4589 395 4623 ²¹
405 4596 437 4654 ts.
448 4589 473 4643 d.
486 4607 509 4643 c.
519 4606 544 4642 u.
553 4590 589 4655 d.)
599 4608 619 4644 s.
632 4591 659 4645 d.
670 4608 812 4662 nunquam
825 4609 848 4647 c.
858 4592 909 4646 dt
920 4612 926 4656 ;
939 4610 960 4646 s.
971 4610 992 4647 c.
1006 4593 1032 4646 d.
1045 4606 1189 4663 nunquam
1199 4595 1225 4650 d.
1236 4596 1326 4650 155.-
1335 4592 1400 4660 ”pti

188 4673 211 4735 31,
221 4671 244 4724 5.
254 4697 285 4710 -
295 4671 319 4706 33
328 4674 361 4740 (p.
375 4672 406 4737 s.)
418 4690 502 4740 super
511 4691 641 4728 rosecium
652 4676 673 4729 1.
688 4703 717 4712 -
730 4675 754 4710 33
762 4675 945 4730 sollicitudine
957 4676 1008 4730 2-4.
1017 4676 1081 4716 -⁸¹
1090 4676 1224 4734 thalamis
1234 4671 1400 4734 5.-⁸¹ncie
1442 4678 1446 4685 '

189 4768 250 4807 inus
259 4754 311 4807 lb.
323 4782 356 4793 -
365 4754 389 4789 33
398 4755 429 4819 (J.
440 4754 476 4821 b.)
486 4755 511 4808 t».
524 4755 546 4808 1.
558 4758 582 4809 3.
