3270 5400
303 410 377 485 530
869 426 974 480 nom.

302 625 480 688 mirarem,
497 637 647 689 conqruum
658 621 730 674 duci
740 636 800 674 cum
811 620 917 673 derebus
931 626 1036 672 tantum
1047 617 1188 672 000ιὶ111110
1198 634 1217 670 0
1223 618 1322 685 patric
1332 619 1418 670 aire.
1431 616 1539 684 Quibus

303 720 395 785 illatis,
404 720 446 774 vir
459 718 569 773 Domini
586 717 783 772 blummoliuus
793 732 856 771 cum
868 715 926 771 suis
936 716 1019 770 sociis
1035 731 1052 769 a
1064 731 1127 785 rege
1138 715 1289 771 honorilice
1301 720 1345 770 eat
1354 720 1502 785 susceptus
1512 720 1540 770 et

301 819 384 889 longo
398 822 521 888 tempore
532 818 604 871 intra
613 817 684 887 regis
695 816 827 884 palatium
839 831 948 870 summa
958 814 1100 883 diligentia
1110 815 1282 883 subrogatus

345 918 380 976 2.
402 917 469 970 Post
477 916 588 985 longum
598 919 690 970 autem
698 913 830 984 temporis
839 913 1012 968 intervallum
1023 912 1224 983 praememorati
1231 912 1327 976 virtut
1335 912 1419 983 longe
1428 914 1538 984 lateque

303 1017 418 1073 verbum
439 1015 502 1070 ritae
524 1017 690 1083 spargerent,
711 1018 836 1066 sanctum
855 1012 1046 1066 Audomarum
1066 1017 1131 1065 tunc
1150 1010 1356 1066 Tervanensem
1377 1011 1567 1081 episcopumt

304 1117 437 1180 adierunt,
449 1119 481 1169 ut
492 1114 516 1168 ei
530 1113 557 1166 in
576 1113 750 1182 praedicando
770 1116 860 1166 essent
877 1111 1000 1176 comites,
1012 1111 1141 1180 quatinus
1160 1111 1189 1165 in
1207 1116 1310 1165 aeterna
1327 1110 1539 1166 retributiones

303 1218 361 1271 Deo
371 1218 542 1270 mererentur
554 1211 612 1266 fieri
625 1212 738 1281 equalis
746 1212 838 1280 gloriae
848 1211 1000 1281 participes.
1010 1211 1125 1264 Sanctus
1133 1227 1199 1264 vero
1208 1211 1387 1264 Andomarus
1395 1211 1539 1279 praedictos

303 1314 354 1368 Dei
365 1312 484 1368 famulos
495 1312 617 1381 gratifice
630 1313 717 1376 (rrum.
727 1312 758 1376 8)
805 1311 939 1381 scriptura
947 1309 1054 1364 eruditi.
1061 1309 1151 1364 Parvo
1159 1315 1221 1380 post
1232 1311 1292 1364 haec
1303 1311 1440 1380 temporis
1451 1314 1539 1375 (nuni.

305 1416 407 1478 codem)
455 1412 611 1466 habebatur
621 1416 709 1480 aptus.

346 1510 381 1568 3.
405 1514 471 1568 Erat
483 1514 558 1567 enim
569 1514 684 1582 quidam
696 1514 738 1568 vir
749 1518 846 1583 potens
858 1513 1039 1569 Adrowaldus
1056 1513 1177 1580 nominc,
1191 1513 1222 1567 in
1238 1512 1341 1567 divitiis
1358 1512 1444 1581 hujus
1455 1511 1539 1566 seculi
1556 1515 1583 1565 tt

306 1612 384 1668 vanis
394 1612 473 1667 valde
485 1612 570 1677 dives,
581 1629 664 1681 quem
676 1613 773 1667 beatus
784 1613 959 1668 Andomarus
970 1614 1005 1667 de
1016 1628 1109 1666 errore
1119 1611 1277 1680 gentilitatis
1289 1610 1324 1664 ad
1332 1610 1418 1663 fidem
1428 1625 1540 1664 conuer-

306 1713 339 1766 tit
351 1711 524 1778 catholicam,
537 1728 675 1780 quemque
687 1729 749 1766 curn
763 1714 839 1766 omni
851 1728 902 1766 sua
917 1711 1065 1780 baptizavit
1076 1710 1187 1764 familia.
1205 1709 1389 1763 adrowaldus
1402 1725 1469 1763 vero
1481 1724 1540 1777 pru·

306 1809 380 1864 denti
393 1809 507 1863 consilio
528 1810 637 1864 fallaces
650 1811 758 1865 divitias
778 1812 860 1879 hujus
879 1810 963 1865 seculi
985 1825 1124 1879 spernens,
1142 1824 1192 1862 nec
1213 1808 1300 1861 ullum
1316 1808 1424 1861 habens
1445 1806 1541 1871 silium,

307 1925 435 1978 magnam
448 1926 504 1963 suae
514 1909 675 1963 hereditatis
685 1914 791 1979 partem
805 1926 867 1963 cum
880 1907 955 1963 omni
967 1925 1017 1962 sua
1025 1907 1169 1978 multiplici
1180 1906 1336 1961 substantia
1347 1907 1408 1960 Deo
1420 1908 1540 1960 etberto

309 2007 408 2061 obtulit
419 2007 587 2073 Andomam,
604 2008 697 2062 villam
712 2009 838 2063 videlicet
852 2025 913 2077 quae
925 2014 991 2063 noto
1003 2008 1115 2062 nomine
1127 2007 1217 2062 Sithiu
1226 2011 1348 2061 vocatur.
1360 2006 1466 2060 Beatus
1477 2022 1542 2059 vcro
1558 2011 1585 2059 tu

308 2105 483 2159 Andomarus
495 2106 523 2159 in
539 2107 668 2175 praedicta
681 2107 746 2161 villa
758 2112 822 2160 ante
835 2108 985 2160 adventum
996 2106 1187 2177 praedictorum
1199 2106 1234 2159 ad
1246 2121 1310 2160 eum
1324 2104 1446 2159 virorum
1461 2105 1542 2160 eccle

308 2205 378 2258 siam
396 2205 541 2259 aedificavit
554 2207 581 2260 in
594 2222 627 2259 ec
645 2206 714 2271 loco,
726 2206 754 2259 iu
771 2223 827 2274 quo
845 2223 925 2260 suum
938 2211 1036 2276 pausat
1051 2207 1082 2260 in
1099 2222 1165 2274 pace
1177 2204 1378 2275 corpusculum.
1391 2204 1542 2274 Postquam

309 2319 373 2372 ergo
394 2303 499 2371 praelati
517 2307 605 2368 (num.
626 2307 657 2366 9)
720 2311 798 2360 vetus
817 2309 931 2360 vocatur
950 2306 1159 2361 monasterium.
1181 2304 1234 2358 Sed
1256 2305 1285 2358 in
1305 2321 1340 2358 eo
1363 2303 1427 2358 loco
1450 2305 1542 2373 paucis

309 2406 449 2454 morantes
462 2403 549 2468 aunis,
562 2403 655 2458 divina
667 2405 706 2458 eis
715 2408 803 2470 (natm.
814 2407 861 2468 10)
909 2404 973 2472 ipsis
982 2404 1122 2458 traditum.

349 2498 384 2554 4.
408 2499 514 2553 Dehinc
532 2501 615 2554 beato
627 2501 786 2556 Audomaro
805 2504 892 2567 (num.
905 2505 951 2568 11)
1005 2501 1153 2571 preposuit
1170 2500 1383 2556 monachorum.
1400 2501 1543 2571 Siquidem
1559 2505 1587 2555 tc

310 2609 391 2648 exeo
409 2598 534 2661 tempore
552 2593 660 2649 initium
681 2613 764 2650 sacrae
784 2596 922 2667 religionis
941 2597 1059 2665 sumpsit
1076 2603 1104 2651 et
1123 2596 1221 2651 altiora
1240 2599 1329 2662 (num.
1346 2600 1396 2661 15)
1452 2596 1545 2652 saucia

310 2692 430 2746 fovebat.

352 2791 386 2848 5.
410 2792 465 2846 Nec
480 2792 966 2863 00101001001001001000101016)
1012 2800 1217 2852 converteretur
1228 2797 1263 2850 ad
1277 2797 1378 2852 Deum.

352 2888 386 2947 6.
410 2889 516 2943 Dehinc
528 2899 639 2948 sanctus
651 2894 845 2949 blummolinus
857 2896 944 2959 (num.
957 2894 1034 2958 17)
1046 2894 1181 2949 invenerit
1192 2893 1344 2964 vigilantes

352 2989 387 3046 7.
411 2988 513 3043 Beatus
526 2991 598 3044 enim
613 2991 662 3044 Dei
674 2990 794 3045 famulus
807 2992 894 3055 (num.
904 2991 951 3055 18)
999 2991 1168 3060 glorificavit.
1561 3000 1591 3051 tt

352 3087 387 3146 8.
411 3091 518 3144 Interea
530 3087 570 3141 vir
586 3088 635 3140 Dei
647 3088 749 3157 Eligius
766 3090 853 3153 (num.
866 3089 911 3153 18)
957 3088 1120 3157 subrogatus
1131 3091 1173 3141 est
1182 3087 1335 3156 episcopus.
1348 3088 1381 3142 ln
1392 3104 1450 3158 quo
1460 3089 1546 3158 gradu

312 3188 426 3243 verbum
441 3190 527 3252 (ratim.
539 3189 587 3250 21)
631 3186 677 3239 illa
687 3184 852 3252 relinquens.
866 3183 927 3251 Quo
939 3200 1005 3237 vero
1017 3184 1072 3238 fine
1083 3186 1172 3250 (num.
1180 3186 1226 3243 28)
1266 3182 1296 3237 in
1308 3183 1371 3238 loco
1381 3185 1546 3253 praefinitoa

311 3292 389 3358 patre
401 3291 622 3358 composuerunt.

353 3387 386 3446 9.
417 3388 529 3443 iuterim
540 3388 606 3442 dum
619 3385 708 3441 tristia
717 3388 805 3451 (num.
814 3389 861 3450 29)
913 3385 1111 3440 ostenderetur.
1126 3383 1260 3440 Conditus
1272 3390 1316 3439 ost
1327 3389 1359 3439 ut
1368 3386 1547 3456 praediximns

312 3490 400 3554 (num.
410 3489 458 3552 31)
506 3483 599 3539 secula
609 3482 774 3538 seculorum.
786 3482 884 3537 Amen.
1563 3495 1593 3548 30

610 3798 649 3852 Dc
661 3812 760 3852 srucro
772 3796 904 3851 Mounoco
916 3795 987 3860 (vid.
998 3813 1090 3867 supro,
1100 3812 1126 3866 p.
1138 3797 1177 3863 15,
1188 3797 1253 3863 40⁰).

348 3997 411 4053 Vita
422 3998 448 4052 S.
460 3995 591 4052 llomboli
612 3996 641 4050 in
662 3999 739 4050 tomo
759 3995 782 4048 V
802 3995 997 4050 Analectorum
1016 3995 1089 4050 edita
1105 3987 1234 4050 nonfuit
1251 4002 1401 4066 propterea
1415 4001 1493 4070 quod
1505 4001 1550 4056 vix

314 4096 406 4152 differt
416 4112 434 4150 a
446 4096 506 4149 Vita
516 4096 543 4150 S.
553 4095 660 4163 Eloqnii
678 4111 739 4163 quae
753 4099 843 4148 exstat
854 4095 925 4164 apud
937 4093 1045 4150 Surium
1060 4094 1131 4150 add
1143 4096 1338 4152 3Decembris.
1351 4097 1407 4152 Cir.
1419 4097 1550 4155 liabillon

315 4199 376 4252 Act.
389 4196 435 4250 SS.
450 4197 478 4249 0.
491 4196 518 4250 S.
531 4196 573 4262 13„
585 4210 637 4249 sec.
650 4194 682 4260 11,
694 4194 846 4264 p.653sqq.
