3270 5400
111 516 163 568 *in
176 533 260 583 marq.

310 299 383 371 49ss
643 317 768 368 cursu.
795 315 898 368 cono.
924 312 1201 366 nuatoaumfflc.

307 506 447 575 prorsus⁸
456 507 554 558 aliena.
571 506 645 558 Unde
663 507 759 557 merito
766 507 948 572 pruroqativa
959 505 1021 569 feri
1032 504 1132 556 meruit
1150 503 1202 556 Dei
1219 504 1294 566 aeda,
1305 518 1367 570 qun
1381 480 1537 570 perhennem

84 586 181 651 P'lma
192 600 284 636 manu·
309 623 388 660 suam
407 607 588 671 virqinitatem
608 605 665 657 Dea
684 606 847 656 consecravit
863 605 963 671 prima.
984 603 1047 657 Huc
1067 609 1113 668 est,
1126 604 1246 669 inquam,
1257 604 1358 671 prima
1376 611 1401 655 et
1424 605 1538 669 qloriosa

309 707 385 772 virqo
406 706 507 766 Maria,
523 719 581 770 qua
597 711 676 771 caput
694 705 877 770 serpentinum
898 704 1022 755 contrivit
1034 703 1102 769 pede
1119 703 1260 766 umatum,
1278 704 1346 768 quia
1364 704 1538 769 principales

309 804 411 856 diaboli
419 805 543 855 uirtutem
554 804 651 854 mentis
668 802 787 854 videlicet
803 801 968 868 superbiam,
978 802 1124 867 carnisque
1143 800 1285 853 lasciviam
1306 802 1423 866 respuit,
1433 803 1538 868 virqiui·

88 914 284 968 *addentem
309 909 389 955 mmm
407 902 502 968 prima
522 901 579 954 Deo
599 901 762 966 sacrificavit
780 900 802 964 *‚
819 901 1021 967 exemplumque
1048 914 1115 952 veru
1136 900 1310 964 humilitatis,
1335 902 1420 967 quasi
1442 901 1565 954 mdlamb

138 998 237 1035 alim.

105 1308 119 1339 ³
130 1309 193 1362 add.
204 1326 264 1376 sup.

106 1376 154 1427 lin.
166 1392 184 1426 a
194 1391 265 1427 corr.

309 1001 469 1054 mortalibus
475 1001 667 1066 fulqidam,ad
684 1000 855 1052 devitandam
866 1000 995 1064 superbis
1012 999 1145 1050 caribdim
1164 999 1336 1065 semetipsam
1346 1000 1476 1067 prnfieit.
1486 1000 1539 1053 Hac

308 1101 421 1166 inquam
432 1100 463 1149 in
474 1100 578 1164 cirqinc
586 1099 775 1151 misericordia
786 1105 811 1150 et
822 1099 922 1150 veritas
933 1097 987 1149 sibi
997 1097 1297 1162 obviaverunt‚justitia
1315 1103 1341 1149 et
1347 1114 1410 1165 pax
1423 1100 1539 1153 asulae

308 1204 379 1250 sunt.
392 1197 584 1249 Misericordia
597 1197 681 1263 planu
698 1197 811 1249 obviavit
825 1198 939 1260 veritati,
951 1197 1017 1247 dum
1038 1195 1198 1248 mortalibus
1210 1197 1328 1248 interitu
1340 1196 1444 1262 diqnis,
1456 1198 1538 1249 indui·

306 1298 396 1362 qentia
405 1297 536 1363 provenit,
554 1296 771 1361 promissumque
792 1311 842 1361 per
856 1294 1004 1362 prophetas
1021 1293 1075 1346 Dei
1086 1292 1101 1323 *
1120 1293 1234 1345 Verbum
1249 1310 1301 1360 per
1321 1295 1395 1347 hanc
1415 1296 1538 1360 virqinem

307 1396 407 1447 mundo
419 1402 456 1446 est
467 1395 612 1460 prolatum.
621 1394 737 1445 Justitia
746 1401 770 1445 et
778 1410 838 1460 pac
847 1394 971 1446 osculatu
980 1399 1051 1455 sunt,
1060 1392 1242 1444 dumsublata
1253 1392 1367 1446 deitatis
1379 1395 1539 1459 iquorantia,
1553 1396 1578 1446 u

308 1495 420 1546 societas
439 1494 596 1559 anqelorum
617 1492 776 1545 mortalibus
788 1499 826 1544 est
842 1493 1045 1559 redditamque
1063 1493 1095 1544 de
1115 1491 1171 1543 Deo
1191 1498 1215 1543 et
1233 1491 1294 1556 ejus
1308 1492 1452 1556 majestate
1467 1508 1539 1545 cerus

307 1591 461 1654 intellectus,
471 1592 558 1657 primi
568 1592 777 1658 presumptione
785 1592 903 1643 hominis
915 1593 1041 1655 amissus,
1050 1607 1103 1657 per
1111 1590 1194 1654 hujus
1206 1591 1295 1655 filium
1306 1592 1428 1657 virqinis
1440 1593 1498 1644 orbi
1505 1599 1539 1644 est

308 1697 489 1742 restauratus.
500 1690 535 1741 In
546 1690 630 1754 nujus
641 1691 774 1755 siquidem
787 1691 885 1742 Maria
896 1691 1028 1754 virqinali
1039 1696 1122 1752 utero,
1139 1690 1210 1740 velut
1230 1690 1261 1740 in
1275 1673 1397 1755 quodam
1409 1691 1540 1742 mellenti

307 1789 433 1852 thalamo,
450 1788 565 1840 Verbum
583 1788 642 1850 Dei,
655 1789 726 1854 quod
741 1790 772 1840 in
790 1789 927 1855 principio
940 1795 1036 1840 cuncta
1049 1789 1149 1840 creavit
1167 1804 1201 1839 en
1212 1788 1306 1850 nihilo,
1324 1789 1380 1840 sibi
1390 1791 1539 1842 misericor·

307 1888 377 1939 diter
396 1888 538 1939 associavit
563 1886 681 1939 bominis
708 1894 845 1940 naturam.
871 1888 925 1952 Qui
953 1888 1030 1939 homo
1051 1887 1250 1952 pronuntiante
1267 1888 1373 1953 anqelo,
1384 1889 1539 1955 virqineque
1554 1888 1578 1938 lb

228 1968 231 1972 ’
304 1986 425 2053 qloriosa
436 1986 555 2038 credente
566 1993 705 2052 consaeptus
716 1992 754 2037 est
765 2003 799 2037 ec
809 1993 930 2038 mater-no
943 1988 1041 2038 semine
1053 1986 1117 2049 solo,
1129 1992 1153 2037 et
1168 2001 1222 2052 per
1232 1985 1344 2037 dierum
1355 1988 1539 2052 mensiumque

304 2086 442 2151 formatus
462 2085 632 2149 incrementa,
643 2086 792 2150 vivificatus
812 2101 917 2152 quoque
937 2086 1030 2137 anima
1039 2084 1146 2151 prodiit
1166 2090 1252 2136 natus
1263 2085 1294 2135 in
1310 2085 1415 2136 mundo
1427 2092 1538 2153 tempore

307 2183 436 2236 nascendi
446 2183 570 2250 lepitimo,
578 2184 716 2249 perfectus
725 2184 800 2236 Deus
808 2190 833 2236 et
839 2185 979 2250 perfectus
988 2183 1072 2236 homo.
1086 2182 1238 2246 Perfectum
1258 2183 1348 2234 Deum
1359 2189 1383 2234 et
1393 2185 1539 2249 perfectm

306 2282 439 2335 hominem
450 2281 564 2333 dicimus
576 2282 724 2333 Dominum
739 2288 864 2334 nostrum
873 2282 969 2334 Jesum
982 2281 1137 2334 Christum:
1149 2281 1215 2346 quia
1237 2280 1357 2332 Verbum
1369 2281 1424 2332 Dei
1435 2297 1538 2334 carnem

307 2387 429 2432 nostram
437 2380 570 2432 mediante
578 2381 672 2432 anima
682 2381 806 2447 suscepit,
815 2382 854 2432 ita
864 2388 894 2432 ut
903 2397 949 2432 uec
959 2381 1089 2432 divinitas
1097 2379 1313 2444 confunderetur
1324 2381 1354 2431 in
1363 2379 1536 2442 humanitate,
1550 2381 1576 2432 lb

307 2495 391 2544 neque
402 2494 516 2530 rursum
527 2479 684 2530 humanitas
695 2480 725 2530 in
741 2479 857 2531 Verbum
868 2486 1072 2541 converteretur,
1084 2478 1130 2529 sed
1148 2484 1213 2529 esset
1235 2477 1364 2530 Christus
1384 2495 1466 2542 unus,
1478 2494 1536 2546 per·

305 2578 391 2642 fectus
401 2578 476 2629 Deus
485 2584 508 2629 et
515 2578 652 2643 perfectus
661 2578 746 2630 mino.
758 2578 880 2643 Diqnum
892 2579 991 2645 quippe
997 2578 1093 2629 divino
1104 2577 1160 2641 fuit
1173 2577 1295 2640 consilio,
1311 2584 1343 2629 ut
1354 2579 1423 2644 quia
1433 2579 1536 2644 primus

307 2676 340 2727 de
355 2682 431 2727 terra
443 2677 599 2742 plasmatus
617 2676 702 2740 homo,
714 2676 847 2728 diabolica
867 2678 989 2743 deceptus
1000 2677 1093 2742 fuerat
1110 2675 1221 2740 fraude,
1232 2678 1399 2741 proqenitus
1416 2676 1492 2729 homo
1507 2675 1536 2728 dc

102 2773 173 2824 'tur
183 2788 265 2837 super
301 2791 378 2841 pura
400 2776 504 2840 oirqine
523 2791 541 2826 a
561 2776 739 2841 conceptionis
755 2777 861 2842 oriqine
883 2776 991 2828 deitatis
1020 2773 1378 2840 confir·maretur*unione.
1403 2775 1535 2827 Honorem

106 2840 258 2892 limacorr.

307 2889 411 2940 qnoque
429 2888 578 2940 supernum
595 2890 676 2939 quam
688 2875 804 2926 inanime
815 2874 920 2926 decebat
932 2892 942 2926 .·
953 2880 982 2926 ut
999 2875 1065 2940 quia
1075 2874 1223 2925 humanam
1240 2879 1373 2924 naturam
1386 2874 1534 2938 reformare
1547 2873 1573 2922 lb

305 2973 430 3038 veniebat,
439 2974 620 3038 virqinitatcm
629 2988 683 3024 non
694 2973 856 3040 infrinqeret
868 2980 1019 3025 maternam
1031 2973 1077 3026 sed
1088 2974 1158 3024 sicut
1168 2972 1201 3023 de
1211 2979 1288 3024 terra
1299 2973 1365 3038 fons
1377 2973 1497 3026 asanaa
1514 2977 1534 3024 vt

306 3088 339 3124 ec
351 3072 466 3136 virqutto
476 3072 528 3136 flos
531 3071 655 3137 procedit
668 3071 766 3138 absque
777 3073 823 3124 sui
833 3073 950 3137 oriqinis
959 3072 1063 3135 lesione,
1073 3078 1097 3123 et
1107 3072 1176 3123 velut
1187 3071 1327 3137 speculum
1339 3072 1479 3124 inductam
1486 3070 1535 3123 sobi

305 3171 417 3236 suscipit
427 3169 587 3233 fomnam,et
606 3170 664 3222 sine
675 3171 721 3222 sui
738 3170 872 3235 fractione
890 3171 988 3234 reddit,
1000 3172 1039 3222 sic
1051 3170 1185 3222 Dominus
1195 3176 1288 3222 noster
1309 3170 1395 3222 Jesus
1415 3171 1534 3222 Christus

303 3268 459 3334 qiqneretur
475 3268 650 3333 intherrima
667 3268 815 3334 devirqine
825 3269 900 3320 salva
912 3269 1002 3335 ipsius
1018 3268 1177 3334 inteqritate.
1191 3268 1308 3320 Calestis
1326 3270 1400 3320 enim
1414 3272 1534 3335 majestas

305 3367 351 3418 cui
359 3370 455 3432 presto
465 3372 528 3418 sunt
538 3367 645 3431 futura,
655 3368 778 3432 quamvis
789 3367 907 3420 hominis
918 3368 1028 3419 ruinam
1047 3367 1199 3434 diabolique
1205 3369 1362 3434 pruscisset
1372 3368 1533 3434 superbiam,
1547 3364 1571 3416 il

303 3471 392 3516 tamen
404 3465 513 3516 minime
521 3464 683 3530 conqruebat
695 3465 753 3530 ejus
765 3467 891 3533 potentin
908 3466 941 3517 ab
952 3480 1004 3518 uva
1012 3465 1145 3531 disposita
1163 3481 1217 3517 nan
1228 3467 1369 3531 complere,
1382 3467 1458 3532 quia,
1470 3465 1534 3532 quod

304 3562 454 3614 absurdum
470 3570 508 3615 est
521 3565 602 3614 etiam
617 3564 764 3616 desummo
781 3565 917 3628 meditari,
930 3564 1093 3616 nullomodo
1109 3563 1218 3616 invidia
1232 3563 1388 3627 subjacebat
1406 3565 1532 3631 passiam.

304 3662 390 3713 Potest
407 3678 522 3728 namque
543 3668 672 3728 corrupta
689 3663 816 3726 solidare,
828 3663 946 3728 collapsa
965 3663 1118 3727 meliorare,
1136 3662 1246 3728 ideoque
1264 3669 1399 3714 naturam
1421 3663 1532 3715 hominis

303 3776 385 3827 quam
402 3760 527 3812 diabolus
542 3761 644 3825 fraude
661 3751 795 3827 corrupit,
806 3762 862 3827 ipse
875 3761 949 3812 Deus
968 3776 1026 3812 eam
1046 3760 1217 3827 suscipiendo
1228 3761 1259 3810 iu
1280 3761 1380 3812 meiius
1394 3761 1535 3828 reparavit

305 3859 458 3924 Competens
475 3859 557 3909 ctiam
568 3859 730 3910 omnimodis
750 3865 816 3922 erat,
829 3866 857 3910 ut
873 3859 1016 3925 fraqilitas
1034 3860 1163 3924 humana,
1173 3873 1232 3925 qua
1250 3859 1363 3925 pridem
1383 3860 1433 3910 sui
1446 3858 1572 3910 relictalb

303 3958 424 4010 libertate
432 3957 551 4020 arbitrii,
561 3957 669 4023 decepta
679 3959 774 4009 misere
786 3958 1016 4025 maliqnifraude,
1028 3958 1180 4023 subjacebat
1197 3958 1393 4024 iniquitatibus
1405 3959 1536 4011 cunctiset

303 4055 452 4120 erroribus,
469 4072 487 4107 a
498 4071 618 4121 superna
631 4058 729 4107 virtute
741 4063 863 4123 suscepta
874 4057 1082 4123 reformaretur,
1093 4058 1327 4124 primordialiqne
1340 4057 1536 4111 rationalitatis

303 4155 443 4221 splendore
454 4161 533 4220 atque
544 4154 658 4217 justitia
671 4157 896 4220 prumuniretur.
914 4156 1103 4207 Necessarium
1119 4171 1221 4223 quoque
1241 4156 1305 4220 fuit,
1320 4162 1352 4207 ut
1364 4156 1442 4208 Deus
1462 4157 1534 4207 homo

303 4253 412 4305 solveret
424 4253 552 4318 quicquid
569 4254 723 4319 iniquitatis
735 4260 759 4305 et
768 4253 907 4317 irtjitstitiu
919 4271 936 4305 α
943 4255 1036 4320 primo
1045 4255 1123 4306 electo
1135 4254 1265 4320 usquead
1277 4255 1405 4306 ultimum
1417 4254 1536 4306 omnibus

304 4351 451 4402 induxerat
457 4352 654 4418 prevaricator
663 4353 773 4416 primus
784 4352 914 4415 hommes
925 4352 1022 4403 deitate
1039 4353 1138 4404 scilicet
1157 4353 1300 4404 restituens
1319 4353 1452 4419 quicquid
1463 4353 1535 4403 mali·
1549 4349 1573 4401 bi

302 4465 374 4515 quius
383 4455 444 4501 autc
453 4448 598 4512 subtraxit,
610 4465 643 4499 esc
652 4449 820 4501 humanitate
828 4450 1000 4514 satisfaciens
1012 4451 1069 4503 Deo
1077 4450 1109 4503 de
1119 4450 1243 4502 omnibns
1253 4450 1354 4516 quibus
1364 4451 1443 4503 honm
1451 4451 1538 4515 factus

304 4555 362 4599 erat
374 4564 444 4600 reus.
456 4547 544 4598 Hanno
553 4548 623 4599 enim
632 4549 756 4614 deceptus
764 4549 846 4600 coluit
855 4548 908 4599 Dei
912 4550 1062 4614 proripere
1072 4549 1289 4614 similitudinem,
1302 4548 1442 4602 Dominus
1453 4555 1538 4602 muer

303 4646 385 4698 Jcsns
398 4646 523 4698 Christus
539 4662 590 4711 per
600 4649 690 4699 mucis
709 4647 862 4712 passionem
878 4647 1002 4711 fidelibus
1022 4649 1166 4716 acquisivit
1180 4649 1261 4716 pacis
1279 4650 1539 4702 reconciliationem:
