3270 5400
188 369 260 441 310
522 389 647 440 aaran.
672 388 777 440 cono.
802 388 1079 441 marooasenrc.

189 579 246 647 ipse
263 578 345 632 vellet
356 579 456 634 addere
467 579 610 633 maroham
622 579 735 649 argenti,
748 579 795 632 sed
807 583 963 647 praeventus
980 583 1070 631 morte
1088 578 1232 631 exsolvere
1248 592 1307 630 non
1321 576 1418 645 potuit.

189 677 294 730 Gratias
304 677 356 732 tibi
367 678 480 746 agimus,
490 679 609 733 Domine
617 678 682 735 iesu
690 678 807 744 Christe,
814 679 863 747 qui
873 677 1071 733 monasterium
1086 680 1212 731 nostrum
1225 681 1282 729 tam
1293 674 1420 745 pretiosis

189 777 349 830 muneribus
361 782 389 830 et
400 777 530 832 denodiis
541 778 622 832 ditari
634 777 778 833 voluisti...
789 779 939 846 (sequentia
948 780 1113 845 paraenetica
1125 779 1211 841 sient).

288 894 328 967 00
349 894 402 966 De
414 893 645 975 institutione
658 895 742 969 festi
755 893 1010 968 celebrationis
1021 892 1265 985 reliquiarum
1275 892 1312 964 S.
1325 891 1421 965 Lau·

336 1009 445 1083 rentii
458 1010 632 1102 martyris
644 1011 723 1104 (iol.
742 1011 845 1104 t'·3')
864 1010 923 1104 (1).

223 1148 289 1201 lluae
301 1148 456 1202 referuntur
467 1148 586 1202 'rationes
599 1148 635 1202 ob
643 1165 712 1217 quas
723 1149 783 1202 haee
794 1147 927 1201 festivitas
940 1147 1063 1201 instituta
1077 1152 1118 1201 est
1130 1166 1137 1200 r
1150 1148 1177 1200 10
1188 1145 1334 1201 Ordinatio
1347 1144 1422 1198 Otto·

191 1247 242 1313 nis,
252 1248 360 1301 abbatis
374 1249 400 1301 S.
412 1248 551 1301 Laurentii
563 1248 728 1312 duodecimi,
748 1248 822 1302 edita
833 1249 862 1301 in
875 1249 948 1301 Mon.
964 1250 1063 1311 Germ,
1080 1263 1131 1300 ser.
1148 1250 1216 1299 tom.
1228 1245 1286 1308 XX,
1304 1261 1348 1314 pp.
1365 1245 1423 1309 601,

191 1348 256 1411 otto,
268 1347 297 1399 2⁰
306 1347 470 1414 Conjunetio
482 1347 605 1416 eorporis
616 1347 642 1400 S.
654 1347 786 1417 Stephani
795 1363 857 1401 eum
871 1362 986 1414 corpore
999 1345 1026 1400 S.
1038 1343 1187 1398 Laurentii.
1200 1343 1251 1396 llic
1261 1342 1423 1396 brevissime

192 1451 338 1499 narrantur
347 1463 408 1514 quae
425 1445 599 1500 continentur
615 1448 644 1500 in
661 1445 776 1501 historia
787 1446 903 1516 duplicis
914 1444 1108 1508 translationis,
1117 1444 1151 1497 de
1163 1436 1266 1512 quibus
1278 1447 1373 1496 aetum
1384 1445 1425 1495 eet

192 1562 283 1615 supra,
295 1550 361 1600 tom.
374 1546 394 1611 l,
406 1562 431 1614 p.
442 1546 483 1607 36,
495 1546 541 1599 ote
554 1550 581 1599 et
593 1547 647 1600 650.

292 1668 331 1736 30
356 1642 458 1736 visa
476 1670 512 1737 et
530 1664 751 1736 miraculum
771 1664 806 1736 s.
825 1662 1014 1736 Laurentii
1031 1662 1110 1754 (sol.
1128 1662 1248 1751 sn).

228 1805 307 1859 Edita
321 1806 394 1874 apud
411 1806 463 1858 Per
483 1807 639 1859 l'ireaarwus
650 1807 748 1858 Aneed.
767 1805 945 1869 Novissimus,
958 1810 1025 1857 tom.
1043 1802 1086 1866 lli,
1097 1806 1167 1871 part
1185 1818 1224 1865 111,
1241 1818 1267 1870 p.
1279 1800 1343 1854 5-16
1354 1815 1387 1852 aa
1397 1797 1424 1851 in

197 1907 253 1957 Aet.
265 1904 321 1968 SS,
332 1903 367 1956 ad
378 1903 403 1956 d.
418 1903 449 1956 10
459 1902 535 1970 Aug,
547 1907 614 1956 tom.
624 1901 656 1965 ll,
668 1919 692 1971 p.
704 1901 797 1965 59011.
812 1903 861 1955 1-3.
1219 1912 1221 1916 ·

293 2023 332 2093 40
357 2020 488 2093 Passio
522 2020 559 2092 S.
594 2018 720 2092 iacobi
762 2019 920 2113 apostoli
952 2021 1016 2111 qui
1060 2018 1272 2111 appellatur
1314 2017 1424 2089 frater

344 2134 493 2208 Domini
510 2135 589 2227 (fol.
609 2136 749 2227 vill).

230 2264 323 2318 Passio
335 2266 369 2318 de
380 2281 435 2334 qua
446 2280 537 2332 supra,
546 2269 613 2317 tom.
624 2264 644 2325 l,
656 2281 681 2333 p.
691 2265 748 2328 203,
759 2266 803 2327 1ος
814 2265 862 2317 sed
874 2265 902 2318 in
911 2265 970 2317 eod.
981 2262 1120 2317 nonnullis
1132 2262 1250 2326 omissis,
1259 2261 1424 2330 praemittun-

197 2370 284 2418 turea
294 2380 356 2431 quoe
365 2364 438 2417 edita
450 2367 513 2417 sunt
524 2363 552 2416 in
562 2364 686 2430 trepondo
699 2364 801 2429 Aureo,
810 2379 855 2432 pp.
864 2362 922 2426 295,
931 2363 988 2425 196,
1001 2379 1076 2415 num.
1095 2364 1117 2417 1.
1135 2361 1258 2428 itemque
1275 2377 1340 2428 qnae
1357 2359 1426 2417 ibid.

198 2464 387 2531 numiseqq.
873 2458 876 2463 ’

298 2583 337 2654 50
362 2582 414 2654 lle
432 2586 561 2653 sancto
579 2579 748 2672 Philippo
765 2581 935 2672 apostolo
953 2579 1032 2672 (iol.
1058 2579 1222 2670 lit-1⁶2¹).

233 2723 411 2790 Desumptum
421 2736 455 2774 ex
464 2721 527 2787 Lep.
541 2721 618 2785 Aur,
626 2736 670 2788 pp.
682 2720 738 2783 292
751 2719 808 2772 (293.

299 2840 337 2910 60
361 2839 403 2909 ln
421 2837 632 2910 inventione
650 2842 789 2910 sanetae
806 2835 933 2909 Crucis
946 2837 1024 2927 (fol.
1044 2836 1204 2926 tuf-tot).

233 2977 357 3030 Narratio
366 2976 439 3030 edita
449 2977 476 3029 in
490 2977 611 3037 nass,
623 2976 694 3028 add.
706 2975 803 3039 titali,
817 2980 882 3028 tom.
895 2976 914 3033 l,
927 2993 952 3044 p.
966 2975 1089 3036 ale-tle,
1102 2972 1210 3026 omissis
1223 2977 1318 3025 tamen
1330 2989 1394 3041 quae
1405 2971 1458 3024 iu

201 3076 280 3130 editis
292 3076 398 3130 uncinis
410 3075 514 3128 inclusa
525 3079 596 3128 sunt.
608 3076 638 3127 ln
651 3074 704 3128 fine
716 3074 777 3128 add.
787 3091 849 3143 quae
861 3074 935 3127 edita
947 3078 1012 3127 sunt
1024 3074 1051 3127 in
1065 3075 1127 3139 Lep.
1141 3075 1242 3133 Aureo,
1255 3088 1281 3139 p.
1289 3073 1348 3135 309,
1359 3071 1407 3125 lin
1417 3065 1458 3124 Ξ

201 3193 218 3230 a
229 3176 283 3229 fine
295 3176 442 3244 (Nonnulli
449 3175 482 3240 ...)
492 3191 524 3227 ao
536 3193 560 3243 p.
572 3175 629 3236 303,
642 3174 687 3227 lin.
698 3176 715 3227 9
726 3174 796 3227 alin.
810 3173 935 3241 (Lenitur
948 3177 1018 3226 enim
1033 3176 1060 3225 iu
1074 3174 1223 3238 eonrrpelico
1237 3172 1271 3237 ...)
1288 3171 1323 3224 ad
1337 3188 1365 3240 p.
1377 3172 1427 3225 ab
1450 3205 1458 3224 -.

201 3276 247 3330 lin.
258 3276 411 3343 Sitntixum
419 3276 612 3339 absconditur).

303 3394 340 3465 70
365 3392 495 3465 Passio
508 3393 570 3464 SS.
585 3391 796 3480 Alexandri,
815 3391 962 3465 Evencii
981 3396 1017 3463 et
1030 3389 1211 3462 Theodoli
1225 3396 1458 3482 martyrunn

350 3510 428 3600 (sol.
447 3510 606 3600 160000).
835 3535 837 3539 ·

237 3641 317 3694 Fdita
325 3642 353 3695 in
367 3643 422 3693 Act.
431 3640 485 3706 SS,
495 3639 530 3692 ad
542 3640 567 3692 d.
579 3640 596 3691 3
607 3638 678 3701 Maii,
689 3643 756 3691 tom.
769 3637 788 3701 1,
799 3653 824 3705 p.
836 3638 883 3690 371
900 3653 961 3705 sqq.

304 3760 343 3831 8⁰
369 3758 497 3830 Sermo
523 3756 621 3828 Petri
655 3755 826 3828 Damiani
857 3755 901 3826 de
933 3751 1148 3827 excellentia
1179 3752 1216 3825 S.
1252 3751 1458 3825 iohanni&

354 3873 588 3965 evangelista
602 3872 679 3963 (iol.
697 3872 860 3962 tot-⁰25¹).

241 4003 335 4056 Editus
346 4003 418 4071 apud
431 4002 526 4070 iligna,
536 4002 564 4053 P.
574 4001 612 4063 la,
624 4005 689 4053 tom.
699 4000 812 4063 CXLIV,
825 4017 850 4068 p.
862 4000 911 4052 857
923 4015 982 4066 sqq.

306 4125 346 4194 90
371 4122 423 4194 De
437 4127 566 4195 saneto
584 4119 801 4193 nomiciano
819 4140 864 4191 ex
881 4117 1001 4191 Gestis
1019 4112 1239 4207 pontificum
1260 4113 1458 4189 Leodien«

355 4238 453 4311 sium
471 4238 549 4329 (t'ol.
564 4237 730 4319 ⁶25³-029lt
1053 4225 1056 4232 ’

241 4369 310 4422 Edit.
324 4370 350 4421 in
364 4371 420 4422 Act.
432 4368 486 4431 SS,
496 4367 530 4419 ad
542 4366 568 4418 d.
580 4366 594 4418 7
607 4364 678 4427 Maii,
692 4369 758 4416 tom.
771 4363 802 4420 ll.
815 4381 840 4431 p.
855 4363 971 4415 tar-151.

244 4598 280 4663 (1)
293 4596 440 4665 Sequentia
451 4597 549 4649 litteris
562 4595 704 4648 rubricatis
718 4594 744 4647 in
757 4594 833 4647 initio
845 4593 901 4646 lolii
914 4592 1014 4661 scripta
1024 4595 1103 4643 sunt:
1118 4591 1162 4643 Ad
1174 4591 1283 4643 laudem
1292 4599 1316 4643 et
1326 4592 1458 4658 olarios·

211 4683 397 4748 ornnipotentie
410 4682 461 4732 Dei
466 4682 640 4746 plorioseque
657 4681 774 4745 ’,νῖν-91013
786 4679 883 4730 Maria
895 4685 917 4728 et
930 4677 1018 4728 soracti
1030 4676 1162 4741 triortprie
1174 4673 1324 4726 Laurentii
1332 4681 1458 4740 patrona

213 4767 299 4815 nostri
305 4765 425 4828 plorimi,
436 4765 530 4829 incipit
538 4763 656 4815 secunda
663 4779 735 4829 pora
746 4760 873 4825 Lependae
881 4766 1043 4811 sanctorum.
