3270 5400
257 352 350 405 aran.
368 349 450 403 aaa.
469 348 641 402 snuxnnn.
660 369 708 380 -
725 347 873 401 apruno.
892 349 939 400 no
956 348 1037 401 coo.
1055 334 1092 400 n⁰
1109 347 1235 402 cecc-to.
1294 327 1366 401 aas

137 558 201 609 rum,
212 547 241 597 et
257 557 321 597 cum
339 545 427 595 totam
444 538 519 593 diem
535 537 614 593 seriis
631 543 860 604 consummasset,
873 555 935 594 sero
954 538 1089 608 quasdam
1106 539 1268 594 collationes
1285 555 1369 594 causa

137 638 309 695 recreationis
319 654 384 693 cum
401 635 560 691 domesticis
578 636 636 690 suis
653 634 768 700 habens,
785 636 904 690 hilarem
922 653 952 690 se
969 636 1149 691 libentissime
1166 636 1323 701 exhibebat,
1342 639 1370 690 et

137 738 187 794 hoc
198 739 227 793 in
237 737 395 802 communi;
408 740 437 790 et
447 735 530 790 alicui
547 735 582 789 de
593 734 698 789 farnilia
714 751 766 789 sua
782 751 816 789 ex
834 735 1032 790 eonsuetudIne
1048 735 1182 790 secretius
1198 734 1370 790 confabulari

137 838 210 892 netas
217 838 304 892 duxit
313 836 379 891 Erat
387 850 499 906 quoque
511 835 583 889 iuter
594 834 761 889 domesticos
775 834 879 899 hilaris,
891 834 1025 904 benignus
1036 840 1069 889 et·
1078 812 1288 890 necessitatibus
1300 834 1371 904 ipso-

51 955 102 1007 5
137 952 194 991 rum
211 937 256 1007 pie
272 934 448 998 subveniens,
465 949 516 987 nec
533 934 619 987 verba
636 933 736 1003 quibus
753 931 853 1002 aliquis
870 933 905 986 de
922 933 1027 988 familia
1038 950 1089 988 sua
1106 940 1200 1004 posset
1216 933 1370 1003 perturbari

138 1036 283 1105 protereus.
299 1034 422 1089 lloribus
433 1033 579 1087 hominum
592 1048 622 1086 se
639 1036 775 1100 quantum
793 1031 870 1086 licuit
887 1033 1077 1087 conformavit.
1095 1033 1160 1087 Erat
1171 1037 1266 1088 autem
1278 1037 1370 1087 custos

140 1135 211 1203 pacis
221 1134 348 1189 omnium
359 1131 442 1187 etiam
454 1131 570 1197 minimi,
586 1131 634 1200 qui
652 1146 703 1185 sua
720 1132 925 1186 sustentabatur
936 1131 1118 1197 eleemosina;
1137 1136 1165 1186 et
1180 1132 1220 1186 sic
1237 1148 1267 1186 se
1280 1138 1371 1187 osten·

141 1230 203 1287 dens
218 1231 399 1288 minimorum
418 1230 573 1294 minimum,
591 1229 677 1299 magis
694 1229 808 1299 singulis
825 1230 859 1284 de
876 1230 983 1285 familia
999 1247 1050 1285 sua
1060 1229 1226 1285 ministravit
1237 1247 1322 1300 quam
1335 1232 1371 1286 ab

143 1330 228 1402 aliquo
238 1331 449 1387 ministraretur.
457 1329 547 1383 Tanta
558 1345 670 1398 quoque
683 1334 878 1398 coangustatus
894 1329 984 1384 tuerat
994 1330 1160 1396 humilitate,
1171 1330 1247 1399 quod
1260 1347 1323 1385 cum
1335 1330 1372 1385 ab

39 1450 95 1501 ,ο
145 1430 265 1483 omuibus
276 1429 383 1483 clericis
391 1434 420 1483 et
430 1427 516 1493 laicis,
527 1428 667 1482 nobilibus
679 1433 707 1482 et
715 1427 888 1496 ignobilibus,
897 1432 926 1482 et
937 1429 1059 1484 ecclesia
1071 1428 1188 1498 praelatis
1198 1429 1374 1483 laudabiliter

144 1524 320 1584 honoraretur
328 1534 357 1583 et
367 1527 519 1583 honorifice
530 1527 722 1597 susciperetur,
732 1527 807 1597 quod
818 1542 876 1581 non
884 1528 999 1596 puderet
1011 1543 1040 1581 se
1050 1544 1179 1581 enarrare
1187 1527 1232 1581 bis
1240 1528 1288 1597 qui
1297 1528 1373 1597 igno·

144 1632 251 1693 resena
270 1632 376 1698 quanta
391 1626 502 1681 miseria
518 1630 545 1680 et
563 1630 723 1696 paupertate
740 1625 864 1681 duxisset
883 1625 942 1680 dies
957 1626 1110 1695 juventutis
1121 1643 1186 1692 suoe,
1198 1627 1339 1696 quomodo
1355 1643 1373 1681 a

138 1730 214 1793 patre
225 1727 358 1796 abjectus,
370 1742 387 1780 a
404 1741 524 1780 noverca
540 1726 699 1795 repudiatus
710 1725 783 1794 apud
795 1725 900 1779 alienos
912 1741 968 1794 prae
980 1725 1073 1795 inopia
1085 1730 1157 1780 esset
1168 1725 1333 1795 hospitatus,
1346 1729 1374 1780 st

136 1820 240 1880 simdia
250 1826 280 1880 in
288 1817 366 1880 'hunc
378 1824 501 1879 modum.

62 1932 99 1981 tu
182 1922 216 1980 ⁷.
239 1922 376 1979 Omnibus
393 1923 483 1978 modis
501 1927 559 1977 erat
571 1922 768 1977 mediocritatis
778 1928 893 1988 amator,
902 1939 952 1977 nec
965 1939 994 1977 se
1004 1939 1114 1993 prorsus
1131 1921 1196 1976 huic
1204 1919 1298 1976 seculo
1310 1936 1375 1975 con·

129 2018 271 2088 romans,
283 2040 335 2077 nec
346 2023 375 2077 iu
386 2022 471 2077 modo
489 2021 598 2077 vivendi
610 2021 646 2075 ab
659 2021 788 2075 omnihus
799 2038 911 2092 prorsus
928 2020 1101 2076 discordabat
1108 2040 1115 2085 ;
1127 2021 1163 2074 ab
1176 2020 1306 2075 omnibus
1317 2018 1375 2073 vita

126 2118 201 2186 ejus
218 2128 277 2177 erat
287 2127 424 2191 suscepta,
440 2121 489 2175 sed
506 2119 678 2191 paucissimis
695 2120 811 2190 cognita.
829 2120 1002 2189 Quicumque
1014 2119 1098 2175 vitam
1110 2119 1330 2174 considerassent
1347 2121 1376 2171 et

121 2214 232 2285 ipsum
244 2237 278 2276 ex
287 2220 472 2275 familiaritate
481 2219 681 2289 cognovissent,
694 2218 862 2273 invenissent
873 2236 937 2274 euru
949 2219 1031 2288 vulgo
1040 2218 1121 2288 longe
1133 2217 1302 2273 dissimilem.
1311 2217 1377 2271 Erat

118 2316 227 2375 etiarn
238 2318 393 2385 mediocris,
401 2318 544 2373 modestus
555 2318 584 2372 in
595 2318 694 2383 verbis,
707 2335 741 2372 nc
752 2318 843 2372 verbis
854 2318 968 2383 rusticis,
978 2317 1021 2371 vel
1034 2318 1212 2381 tumentibus,
1222 2316 1265 2371 vel
1272 2317 1376 2385 jactan-

61 2410 91 2464 ω
116 2410 225 2483 tibus,
234 2418 277 2473 vel
286 2418 381 2487 aliquo
393 2417 461 2472 vitio
470 2416 601 2471 admixtis
612 2418 626 2448 ⁸
637 2417 850 2486 temperantiam
859 2416 1010 2480 excederet,
1022 2433 1073 2471 nec
1084 2415 1175 2471 verbis
1185 2415 1267 2470 nimis
1283 2414 1375 2469 humi·

108 2507 215 2572 libus
230 2533 360 2587 magnam
377 2516 557 2587 pretenderet
568 2516 766 2579 humilitatem
784 2520 811 2570 et
829 2532 920 2585 opera,
932 2532 993 2585 quoe
1005 2521 1132 2584 poterant
1147 2515 1206 2570 fleri
1218 2515 1247 2569 in
1260 2513 1376 2579 occulto,

107 2618 258 2672 omnino
277 2616 394 2672 latenter
411 2616 565 2669 exercebat.
582 2616 648 2670 Erat
668 2632 779 2685 quoque
796 2616 958 2685 procinctus
977 2615 1013 2670 ad
1031 2615 1156 2669 omniurn
1168 2613 1376 2669 necessitatibus

105 2710 363 2770 subveniendum
374 2714 434 2768 sine
445 2718 571 2784 respectu
582 2719 697 2768 terreus
713 2714 909 2769 retributionis.
927 2713 1026 2768 Omnia
1039 2731 1139 2784 genera
1156 2714 1288 2768 virtutum
1301 2730 1378 2768 exer·

103 2816 207 2866 cere
223 2814 327 2869 studuit
343 2813 403 2868 sine
420 2813 590 2868 admixtione
607 2812 710 2867 favoris
727 2813 842 2867 hnmani
858 2815 881 2868 *.
899 2814 930 2867 ln
948 2814 1076 2867 omuibus
1094 2829 1160 2868 vero
1172 2813 1300 2882 operibus
1317 2813 1376 2868 sivc

54 2895 84 2948 Ἀ
101 2910 334 2978 exterioribus,
353 2912 412 2967 sive
425 2911 601 2967 interioribus
618 2911 792 2967 solummodo
805 2916 959 2982 respectum
976 2912 1026 2966 Dei
1043 2912 1210 2967 intendebat
1222 2913 1254 2966 ln
1270 2916 1378 2967 tuntum

98 2999 282 3066 nitebatur
293 3012 419 3067 obtinere
435 3011 653 3066 mediocritatem
671 3015 699 3066 et
711 3012 840 3066 virtutem
853 3011 1051 3080 temperantiae,
1063 3015 1090 3065 et
1101 3011 1260 3066 ambitionis
1273 3011 1378 3067 malum

97 3097 240 3177 Vitare,
255 3111 445 3181 utaliquando
457 3111 596 3166 omitteret
614 3127 647 3165 ea
663 3128 725 3181 quae
736 3117 814 3165 erant
826 3111 860 3165 de
871 3127 971 3179 genere
988 3112 1133 3174 bonorum,
1150 3127 1185 3165 ne
1203 3112 1244 3166 eis
1262 3113 1379 3181 peractis

95 3203 274 3273 lnassxrurn
292 3225 396 3265 nomen
414 3209 568 3279 acquireret
585 3215 613 3263 et
630 3209 716 3264 nimia
733 3209 814 3263 laude
832 3209 868 3263 ab
885 3209 1045 3264 hominibus
1062 3208 1246 3274 extolleretur,
1266 3209 1310 3263 vel
1321 3225 1380 3264 nou

95 3286 223 3361 ¹³⁰110
237 3310 290 3364 due
307 3309 506 3365 consummatis
522 3309 607 3363 nimio
616 3309 817 3380 opprimeretur
828 3310 976 3378 opprobrio
983 3328 990 3372 ;
1003 3313 1030 3362 et
1041 3309 1139 3363 maluit
1151 3309 1222 3362 circa
1232 3308 1339 3363 licitum
1351 3315 1380 3364 et

53 3384 80 3439 ³⁰
94 3381 251 3461 Ι’θῑὶῑιιιι
261 3406 410 3477 quiescere,
422 3423 505 3476 quam
518 3406 590 3461 ultra
599 3406 732 3476 progredi.
744 3406 917 3475 Omnemque
928 3406 1042 3460 modum
1054 3406 1247 3460 ostentationis
1260 3406 1379 3476 prudeu-

93 3484 154 3543 221'
173 3504 315 3569 vitabam
327 3506 356 3560 in
365 3522 449 3560 omne
459 3521 546 3576 genus
554 3506 700 3561 homiuum
711 3505 832 3560 exercuit
841 3521 925 3575 opera
934 3504 1064 3560 caritatis.

151 3594 225 3657 8.
246 3606 411 3660 mutantem
423 3602 613 3658 claustralibus
622 3606 684 3673 pius
695 3604 859 3668 consolator,
869 3607 899 3656 ut
911 3608 1001 3657 esseut
1012 3602 1140 3669 humiles,
1150 3603 1265 3672 pacifici,
1274 3601 1380 3672 patien-

95 3680 170 3754 tes,
207 3703 379 3759 obedientes.
396 3702 462 3757 Erat
478 3701 552 3756 euim
569 3701 664 3756 diviua
674 3701 827 3756 eruditione
844 3701 972 3769 repletus,
985 3699 1116 3770 religione
1135 3700 1255 3770 insignis,
1267 3716 1377 3755 morum

97 3791 284 3859 Probitate
299 3802 414 3873 pollens,
425 3804 600 3870 contemptor
611 3800 703 3865 seculi,
720 3806 829 3855 amator
841 3800 890 3854 Dei
907 3804 934 3854 ct
946 3799 1073 3869 proximi,
1085 3799 1129 3854 cui
1148 3800 1240 3854 vivere
1253 3800 1379 3855 Christus

61 3872 88 3925 a
100 3889 194 3945 ΕΜ·
216 3906 250 3955 et
259 3902 328 3957 mori
338 3901 455 3956 lucrum.
464 3901 597 3954 Posthaec
609 3899 709 3954 decidit
721 3899 749 3953 in
761 3900 927 3963 infirmitate,
936 3900 1010 3953 unde
1022 3903 1049 3953 et
1058 3903 1183 3952 mortuus
1195 3903 1244 3954 est.
1255 3899 1379 3970 Cumque

102 3974 264 4054 'fidisse
270 4000 342 4055 diem
351 3997 449 4053 mortis
456 4014 513 4053 suae
521 3998 748 4067 appropinquare,
757 3997 893 4050 convertit
903 4012 933 4049 se
942 3995 976 4049 ad
987 3995 1137 4049 Dominum
1146 3995 1240 4048 dicem
1249 4014 1256 4049 :
1265 3997 1381 4051 Domine

106 4070 212 4142 ’ΨΦ
236 4099 343 4166 Cirtam
358 4105 453 4167 pastor
464 4099 536 4164 bone,
547 4098 700 4151 commendo
711 4096 761 4149 tibi
775 4112 834 4149 oces
845 4112 926 4160 meus,
939 4112 1008 4163 quos
1020 4096 1088 4147 milri
1098 4096 1242 4147 tradidisti
1251 4113 1262 4159 ,·
1273 4101 1297 4148 et
1308 4113 1381 4150 necne

108 4182 177 4233 μ’·
196 4192 300 4263 ὄμνυε
310 4215 357 4253 ecs
367 4198 418 4251 tihi
428 4197 617 4252 custodiendus
625 4197 766 4259 committo,
775 4200 805 4246 ut
812 4211 865 4262 pei·
873 4210 961 4247 meum
970 4195 1152 4246 ministerium
1164 4194 1279 4246 iubeant
1290 4198 1381 4259 ipsum

114 4281 313 4353 ”mnsam
322 4304 466 4366 podorem
477 4297 663 4363 cuiproecipue
670 4295 823 4363 pascemus
842 4310 900 4346 oues
916 4299 980 4346 tuus
996 4294 1148 4347 tradidisti.
1162 4292 1195 4346 Et
1207 4292 1265 4346 haec
1279 4291 1381 4358 dicens,

85 4367 161 4425 Μ
174 4386 323 4451 ¹lltimum
334 4394 494 4465 hujusmodi
506 4394 603 4449 effudit
615 4409 710 4447 vocem
720 4392 756 4447 ad
773 4392 939 4446 Dominum:
954 4392 1067 4446 Domine
1078 4393 1145 4446 Jesu
1160 4393 1274 4457 civriaco,
1284 4400 1382 4460 mator

124 4460 224 4559 ΜΘ»
240 4512 312 4565 qum
320 4512 426 4565 semper
436 4496 530 4559 dilect,
543 4496 573 4547 iu
582 4510 679 4547 manua
688 4501 752 4546 trans
762 4494 914 4546 commendo
924 4493 1056 4560 spiritum
1066 4509 1161 4546 nisum.
1170 4492 1204 4545 Et
1215 4491 1275 4545 huc
1287 4491 1381 4545 diceus

132 4563 319 4649 obiiOrmivit
328 4594 358 4650 in
366 4591 493 4649 Domino.
504 4593 585 4647 Anuo
598 4590 679 4662 igitur
689 4592 724 4646 ab
736 4590 925 4646 incarnatione
941 4590 1051 4645 Domini
1069 4600 1184 4646 rrccxnr⁰
1201 4590 1330 4661 migravit
1347 4606 1381 4645 ex

136 4658 201 4728 Μ
224 4694 322 4760 amulo,
338 4697 470 4763 regnante
481 4692 600 4747 Domino
616 4696 711 4746 nostro
723 4691 788 4746 lesu
805 4691 922 4756 Christo,
937 4691 982 4745 cui
993 4695 1035 4745 est
1046 4691 1138 4745 honor
1149 4695 1176 4745 et
1193 4691 1339 4762 imperium
1352 4690 1381 4745 in

147 4773 534 4859 ”Whoecutmumdmen
