<?xml version="1.0" encoding="UTF-8"?>
<!DOCTYPE html PUBLIC "-//W3C//DTD XHTML 1.0 Transitional//EN"
    "http://www.w3.org/TR/xhtml1/DTD/xhtml1-transitional.dtd">
<html xmlns="http://www.w3.org/1999/xhtml" xml:lang="en" lang="en">
 <head>
  <title>
</title>
<meta http-equiv="Content-Type" content="text/html;charset=utf-8" />
  <meta name='ocr-system' content='tesseract 3.04.00' />
  <meta name='ocr-capabilities' content='ocr_page ocr_carea ocr_par ocr_line ocrx_word'/>
</head>
<body>
  <div class='ocr_page' id='page_1' title='image "./cataloguscodicu00belggoog_0241.png"; bbox 0 0 3270 5400; ppageno 0'>
   <div class='ocr_carea' id='block_1_1' title="bbox 350 297 1250 371">
    <p class='ocr_par' dir='ltr' id='par_1_1' title="bbox 350 297 1250 371">
     <span class='ocr_line' id='line_1_1' title="bbox 350 297 1250 371; baseline -0.004 0"><span class='ocrx_word' id='word_1_1' title='bbox 350 297 424 371; x_wconf 88' lang='grc'>999</span> <span class='ocrx_word' id='word_1_2' title='bbox 686 318 814 371; x_wconf 70' lang='lat' dir='ltr'>cerro.</span> <span class='ocrx_word' id='word_1_3' title='bbox 839 317 945 370; x_wconf 87' lang='lat' dir='ltr'>cono.</span> <span class='ocrx_word' id='word_1_4' title='bbox 968 314 1250 369; x_wconf 80' lang='lat' dir='ltr'>moroomrmc.</span> 
     </span>
    </p>
   </div>
   <div class='ocr_carea' id='block_1_2' title="bbox 350 503 1583 674">
    <p class='ocr_par' dir='ltr' id='par_1_2' title="bbox 350 503 1583 674">
     <span class='ocr_line' id='line_1_2' title="bbox 350 503 1583 577; baseline -0.006 -14"><span class='ocrx_word' id='word_1_5' title='bbox 350 514 442 563; x_wconf 84' lang='lat' dir='ltr'>actum</span> <span class='ocrx_word' id='word_1_6' title='bbox 451 514 494 563; x_wconf 90' lang='lat' dir='ltr'>est</span> <span class='ocrx_word' id='word_1_7' title='bbox 502 509 530 562; x_wconf 89' lang='lat' dir='ltr'>in</span> <span class='ocrx_word' id='word_1_8' title='bbox 540 511 597 563; x_wconf 79' lang='lat' dir='ltr'>Aet.</span> <span class='ocrx_word' id='word_1_9' title='bbox 609 509 666 575; x_wconf 85' lang='lat' dir='ltr'>SS.,</span> <span class='ocrx_word' id='word_1_10' title='bbox 677 512 746 562; x_wconf 89' lang='lat' dir='ltr'>tom.</span> <span class='ocrx_word' id='word_1_11' title='bbox 755 507 793 561; x_wconf 90' lang='lat'>111</span> <span class='ocrx_word' id='word_1_12' title='bbox 802 506 900 569; x_wconf 66' lang='lat' dir='ltr'>Martii,</span> <span class='ocrx_word' id='word_1_13' title='bbox 908 524 935 577; x_wconf 94' lang='lat' dir='ltr'>p.</span> <span class='ocrx_word' id='word_1_14' title='bbox 943 506 1001 571; x_wconf 79' lang='grc'>368,</span> <span class='ocrx_word' id='word_1_15' title='bbox 1011 506 1082 560; x_wconf 90' lang='lat' dir='ltr'>inter</span> <span class='ocrx_word' id='word_1_16' title='bbox 1091 504 1302 559; x_wconf 70' lang='lat' dir='ltr'>Praetermissos.</span> <span class='ocrx_word' id='word_1_17' title='bbox 1310 504 1402 572; x_wconf 70' lang='lat' dir='ltr'>liuius</span> <span class='ocrx_word' id='word_1_18' title='bbox 1409 503 1480 557; x_wconf 74' lang='lat' dir='ltr'>l&#39;ita</span> <span class='ocrx_word' id='word_1_19' title='bbox 1487 507 1583 557; x_wconf 83' lang='lat' dir='ltr'>auctor</span> 
     </span>
     <span class='ocr_line' id='line_1_3' title="bbox 351 602 1551 674; baseline -0.003 -12"><span class='ocrx_word' id='word_1_20' title='bbox 351 608 435 663; x_wconf 87' lang='lat' dir='ltr'>luisse</span> <span class='ocrx_word' id='word_1_21' title='bbox 446 608 553 661; x_wconf 84' lang='lat' dir='ltr'>ridetur</span> <span class='ocrx_word' id='word_1_22' title='bbox 562 607 683 661; x_wconf 72' lang='lat' dir='ltr'>«loannes</span> <span class='ocrx_word' id='word_1_23' title='bbox 691 606 723 661; x_wconf 93' lang='grc'>0.</span> <span class='ocrx_word' id='word_1_24' title='bbox 733 606 762 660; x_wconf 90' lang='lat' dir='ltr'>P.</span> <span class='ocrx_word' id='word_1_25' title='bbox 773 607 811 673; x_wconf 91' lang='grc'>(1)</span> <span class='ocrx_word' id='word_1_26' title='bbox 819 633 853 646; x_wconf 92' lang='grc'>-</span> <span class='ocrx_word' id='word_1_27' title='bbox 864 605 1013 674; x_wconf 88' lang='lat' dir='ltr'>Prologum</span> <span class='ocrx_word' id='word_1_28' title='bbox 1022 621 1084 658; x_wconf 88' lang='lat' dir='ltr'>cum</span> <span class='ocrx_word' id='word_1_29' title='bbox 1096 603 1174 657; x_wconf 89' lang='lat' dir='ltr'>initio</span> <span class='ocrx_word' id='word_1_30' title='bbox 1186 603 1256 656; x_wconf 77' lang='lat' dir='ltr'>l&#39;itae</span> <span class='ocrx_word' id='word_1_31' title='bbox 1264 602 1380 657; x_wconf 77' lang='lat' dir='ltr'>edemus</span> <span class='ocrx_word' id='word_1_32' title='bbox 1387 602 1417 656; x_wconf 92' lang='lat' dir='ltr'>in</span> <span class='ocrx_word' id='word_1_33' title='bbox 1425 603 1551 671; x_wconf 77' lang='lat' dir='ltr'>Append.</span> 
     </span>
    </p>
   </div>
   <div class='ocr_carea' id='block_1_3' title="bbox 658 1074 1275 1188">
    <p class='ocr_par' dir='ltr' id='par_1_3' title="bbox 658 1074 1275 1188">
     <span class='ocr_line' id='line_1_4' title="bbox 658 1074 1275 1188; baseline -0.003 -24"><span class='ocrx_word' id='word_1_34' title='bbox 658 1076 869 1188; x_wconf 68' lang='lat' dir='ltr'>appendis</span> <span class='ocrx_word' id='word_1_35' title='bbox 893 1075 944 1163; x_wconf 88' lang='lat' dir='ltr'>ad</span> <span class='ocrx_word' id='word_1_36' title='bbox 968 1074 1051 1162; x_wconf 87' lang='lat' dir='ltr'>cod.</span> <span class='ocrx_word' id='word_1_37' title='bbox 1081 1074 1275 1164; x_wconf 80' lang='lat'>8609-20.</span> 
     </span>
    </p>
   </div>
   <div class='ocr_carea' id='block_1_4' title="bbox 417 1294 1525 1379">
    <p class='ocr_par' dir='ltr' id='par_1_4' title="bbox 417 1294 1525 1379">
     <span class='ocr_line' id='line_1_5' title="bbox 417 1294 1525 1379; baseline -0.004 -16"><span class='ocrx_word' id='word_1_38' title='bbox 417 1318 454 1363; x_wconf 83' lang='lat' dir='ltr'>oa</span> <span class='ocrx_word' id='word_1_39' title='bbox 476 1317 574 1362; x_wconf 69' lang='lat' dir='ltr'>sarra</span> <span class='ocrx_word' id='word_1_40' title='bbox 596 1316 648 1360; x_wconf 74' lang='lat' dir='ltr'>ror</span> <span class='ocrx_word' id='word_1_41' title='bbox 671 1316 708 1360; x_wconf 83' lang='lat' dir='ltr'>os</span> <span class='ocrx_word' id='word_1_42' title='bbox 731 1315 847 1359; x_wconf 75' lang='grc' dir='ltr'>ιιιιιι</span> <span class='ocrx_word' id='word_1_43' title='bbox 868 1314 1000 1359; x_wconf 68' lang='lat' dir='ltr'>amoma.</span> <span class='ocrx_word' id='word_1_44' title='bbox 1022 1294 1101 1377; x_wconf 85' lang='lat' dir='ltr'>(Cir.</span> <span class='ocrx_word' id='word_1_45' title='bbox 1123 1314 1234 1376; x_wconf 75' lang='lat' dir='ltr'>supra,</span> <span class='ocrx_word' id='word_1_46' title='bbox 1256 1314 1329 1376; x_wconf 89' lang='lat' dir='ltr'>pag.</span> <span class='ocrx_word' id='word_1_47' title='bbox 1350 1295 1424 1373; x_wconf 82' lang='grc'>991,</span> <span class='ocrx_word' id='word_1_48' title='bbox 1447 1295 1525 1379; x_wconf 82' lang='lat'>11⁰.)</span> 
     </span>
    </p>
   </div>
   <div class='ocr_carea' id='block_1_5' title="bbox 365 1497 1572 1657">
    <p class='ocr_par' dir='ltr' id='par_1_5' title="bbox 365 1497 1572 1657">
     <span class='ocr_line' id='line_1_6' title="bbox 365 1497 1572 1574; baseline -0.002 -12"><span class='ocrx_word' id='word_1_49' title='bbox 365 1502 495 1574; x_wconf 81' lang='lat' dir='ltr'>tnotptt</span> <span class='ocrx_word' id='word_1_50' title='bbox 514 1502 686 1573; x_wconf 79' lang='lat' dir='ltr'>prologus</span> <span class='ocrx_word' id='word_1_51' title='bbox 704 1499 743 1557; x_wconf 88' lang='lat' dir='ltr'>tn</span> <span class='ocrx_word' id='word_1_52' title='bbox 766 1498 846 1557; x_wconf 85' lang='lat' dir='ltr'>vtta</span> <span class='ocrx_word' id='word_1_53' title='bbox 867 1498 1011 1557; x_wconf 81' lang='lat' dir='ltr'>anotltre</span> <span class='ocrx_word' id='word_1_54' title='bbox 1032 1497 1166 1558; x_wconf 81' lang='lat' dir='ltr'>Ctrrtstt</span> <span class='ocrx_word' id='word_1_55' title='bbox 1186 1498 1263 1557; x_wconf 74' lang='lat' dir='ltr'>Idm</span> <span class='ocrx_word' id='word_1_56' title='bbox 1283 1497 1572 1559; x_wconf 75' lang='lat' dir='ltr'>samttmorrtalts</span> 
     </span>
     <span class='ocr_line' id='line_1_7' title="bbox 851 1597 1079 1657; baseline -0.004 0"><span class='ocrx_word' id='word_1_57' title='bbox 851 1597 897 1657; x_wconf 87' lang='lat' dir='ltr'>de</span> <span class='ocrx_word' id='word_1_58' title='bbox 916 1597 1079 1657; x_wconf 71' lang='lat' dir='ltr'>meta</span> 
     </span>
    </p>
   </div>
   <div class='ocr_carea' id='block_1_6' title="bbox 293 1787 1630 4426">
    <p class='ocr_par' dir='ltr' id='par_1_6' title="bbox 348 1787 1629 2753">
     <span class='ocr_line' id='line_1_8' title="bbox 383 1787 1584 1857; baseline -0.002 -9"><span class='ocrx_word' id='word_1_59' title='bbox 383 1792 477 1848; x_wconf 80' lang='lat' dir='ltr'>Gloria</span> <span class='ocrx_word' id='word_1_60' title='bbox 485 1790 596 1845; x_wconf 86' lang='lat' dir='ltr'>Domini</span> <span class='ocrx_word' id='word_1_61' title='bbox 608 1795 637 1844; x_wconf 95' lang='lat' dir='ltr'>et</span> <span class='ocrx_word' id='word_1_62' title='bbox 647 1790 738 1844; x_wconf 92' lang='lat' dir='ltr'>honor</span> <span class='ocrx_word' id='word_1_63' title='bbox 748 1789 799 1843; x_wconf 92' lang='lat' dir='ltr'>Dei</span> <span class='ocrx_word' id='word_1_64' title='bbox 811 1787 1007 1857; x_wconf 90' lang='lat' dir='ltr'>omnipotentis</span> <span class='ocrx_word' id='word_1_65' title='bbox 1019 1792 1061 1842; x_wconf 91' lang='lat' dir='ltr'>est</span> <span class='ocrx_word' id='word_1_66' title='bbox 1072 1788 1224 1843; x_wconf 83' lang='lat' dir='ltr'>virtuosam</span> <span class='ocrx_word' id='word_1_67' title='bbox 1236 1789 1387 1844; x_wconf 88' lang='lat' dir='ltr'>electorum</span> <span class='ocrx_word' id='word_1_68' title='bbox 1400 1790 1462 1857; x_wconf 77' lang='lat' dir='ltr'>eius</span> <span class='ocrx_word' id='word_1_69' title='bbox 1472 1808 1584 1847; x_wconf 81' lang='lat' dir='ltr'>conser-</span> 
     </span>
     <span class='ocr_line' id='line_1_9' title="bbox 348 1887 1586 1961; baseline -0.001 -15"><span class='ocrx_word' id='word_1_70' title='bbox 348 1892 484 1947; x_wconf 89' lang='lat' dir='ltr'>sationem</span> <span class='ocrx_word' id='word_1_71' title='bbox 496 1890 635 1943; x_wconf 85' lang='lat' dir='ltr'>narrando</span> <span class='ocrx_word' id='word_1_72' title='bbox 647 1888 754 1957; x_wconf 90' lang='lat' dir='ltr'>scriptis</span> <span class='ocrx_word' id='word_1_73' title='bbox 765 1887 970 1952; x_wconf 86' lang='lat' dir='ltr'>commendare,</span> <span class='ocrx_word' id='word_1_74' title='bbox 981 1891 1012 1941; x_wconf 90' lang='lat' dir='ltr'>ut</span> <span class='ocrx_word' id='word_1_75' title='bbox 1023 1904 1121 1942; x_wconf 90' lang='lat' dir='ltr'>omnes</span> <span class='ocrx_word' id='word_1_76' title='bbox 1132 1888 1168 1942; x_wconf 84' lang='lat' dir='ltr'>ad</span> <span class='ocrx_word' id='word_1_77' title='bbox 1179 1904 1249 1957; x_wconf 88' lang='lat' dir='ltr'>quos</span> <span class='ocrx_word' id='word_1_78' title='bbox 1266 1888 1379 1943; x_wconf 87' lang='lat' dir='ltr'>lucerna</span> <span class='ocrx_word' id='word_1_79' title='bbox 1395 1890 1488 1958; x_wconf 88' lang='lat' dir='ltr'>posita</span> <span class='ocrx_word' id='word_1_80' title='bbox 1503 1906 1586 1961; x_wconf 82' lang='lat' dir='ltr'>super</span> 
     </span>
     <span class='ocr_line' id='line_1_10' title="bbox 349 1986 1620 2053; baseline 0 -7"><span class='ocrx_word' id='word_1_81' title='bbox 349 1990 545 2047; x_wconf 87' lang='lat' dir='ltr'>candelabrum</span> <span class='ocrx_word' id='word_1_82' title='bbox 558 1988 670 2042; x_wconf 92' lang='lat' dir='ltr'>luminis</span> <span class='ocrx_word' id='word_1_83' title='bbox 681 1989 724 2041; x_wconf 91' lang='lat' dir='ltr'>sui</span> <span class='ocrx_word' id='word_1_84' title='bbox 736 1987 827 2041; x_wconf 88' lang='lat' dir='ltr'>radios</span> <span class='ocrx_word' id='word_1_85' title='bbox 839 1986 969 2051; x_wconf 74' lang='lat' dir='ltr'>emiserit,</span> <span class='ocrx_word' id='word_1_86' title='bbox 981 1987 1016 2041; x_wconf 95' lang='lat' dir='ltr'>ad</span> <span class='ocrx_word' id='word_1_87' title='bbox 1028 1987 1157 2042; x_wconf 90' lang='lat' dir='ltr'>sublimia</span> <span class='ocrx_word' id='word_1_88' title='bbox 1172 1987 1304 2041; x_wconf 78' lang='lat' dir='ltr'>virtutum</span> <span class='ocrx_word' id='word_1_89' title='bbox 1316 1988 1448 2043; x_wconf 85' lang='lat' dir='ltr'>exercitia</span> <span class='ocrx_word' id='word_1_90' title='bbox 1457 1990 1586 2046; x_wconf 77' lang='lat' dir='ltr'>studeant</span> <span class='ocrx_word' id='word_1_91' title='bbox 1599 2004 1620 2053; x_wconf 71' lang='grc' dir='ltr'>ι</span> 
     </span>
     <span class='ocr_line' id='line_1_11' title="bbox 349 2086 1586 2161; baseline -0.001 -16"><span class='ocrx_word' id='word_1_92' title='bbox 349 2090 518 2161; x_wconf 82' lang='lat' dir='ltr'>proficiendo</span> <span class='ocrx_word' id='word_1_93' title='bbox 535 2088 710 2142; x_wconf 89' lang='lat' dir='ltr'>contendere.</span> <span class='ocrx_word' id='word_1_94' title='bbox 727 2086 917 2140; x_wconf 85' lang='lat' dir='ltr'>Temerariurn</span> <span class='ocrx_word' id='word_1_95' title='bbox 934 2091 1029 2140; x_wconf 91' lang='lat' dir='ltr'>tamen</span> <span class='ocrx_word' id='word_1_96' title='bbox 1049 2086 1129 2140; x_wconf 79' lang='lat' dir='ltr'>valde</span> <span class='ocrx_word' id='word_1_97' title='bbox 1146 2091 1196 2151; x_wconf 84' lang='lat' dir='ltr'>est,</span> <span class='ocrx_word' id='word_1_98' title='bbox 1213 2086 1287 2155; x_wconf 92' lang='lat' dir='ltr'>quod</span> <span class='ocrx_word' id='word_1_99' title='bbox 1304 2087 1418 2156; x_wconf 88' lang='lat' dir='ltr'>quidam</span> <span class='ocrx_word' id='word_1_100' title='bbox 1440 2089 1586 2158; x_wconf 66' lang='lat' dir='ltr'>praeclaras</span> 
     </span>
     <span class='ocr_line' id='line_1_12' title="bbox 349 2184 1586 2257; baseline -0.001 -12"><span class='ocrx_word' id='word_1_101' title='bbox 349 2195 510 2246; x_wconf 90' lang='lat' dir='ltr'>sanctorum</span> <span class='ocrx_word' id='word_1_102' title='bbox 527 2187 648 2240; x_wconf 76' lang='lat' dir='ltr'>virorum</span> <span class='ocrx_word' id='word_1_103' title='bbox 667 2203 699 2240; x_wconf 91' lang='lat' dir='ltr'>ac</span> <span class='ocrx_word' id='word_1_104' title='bbox 716 2185 866 2239; x_wconf 82' lang='lat' dir='ltr'>mulierum</span> <span class='ocrx_word' id='word_1_105' title='bbox 884 2185 998 2239; x_wconf 85' lang='lat' dir='ltr'>virtutes</span> <span class='ocrx_word' id='word_1_106' title='bbox 1015 2189 1043 2238; x_wconf 90' lang='lat' dir='ltr'>et</span> <span class='ocrx_word' id='word_1_107' title='bbox 1059 2184 1140 2238; x_wconf 80' lang='lat' dir='ltr'>fortia</span> <span class='ocrx_word' id='word_1_108' title='bbox 1157 2201 1242 2254; x_wconf 84' lang='lat' dir='ltr'>opera</span> <span class='ocrx_word' id='word_1_109' title='bbox 1253 2184 1373 2239; x_wconf 89' lang='lat' dir='ltr'>scribere</span> <span class='ocrx_word' id='word_1_110' title='bbox 1380 2188 1586 2257; x_wconf 80' lang='lat' dir='ltr'>aggrediuntur,</span> 
     </span>
     <span class='ocr_line' id='line_1_13' title="bbox 350 2283 1585 2360; baseline 0 -17"><span class='ocrx_word' id='word_1_111' title='bbox 350 2289 452 2360; x_wconf 89' lang='lat' dir='ltr'>quibus</span> <span class='ocrx_word' id='word_1_112' title='bbox 464 2304 515 2341; x_wconf 91' lang='lat' dir='ltr'>nec</span> <span class='ocrx_word' id='word_1_113' title='bbox 530 2285 667 2353; x_wconf 72' lang='lat' dir='ltr'>ingenium</span> <span class='ocrx_word' id='word_1_114' title='bbox 681 2289 787 2338; x_wconf 87' lang='lat' dir='ltr'>natura.</span> <span class='ocrx_word' id='word_1_115' title='bbox 797 2300 847 2337; x_wconf 89' lang='lat' dir='ltr'>nec</span> <span class='ocrx_word' id='word_1_116' title='bbox 859 2283 1044 2337; x_wconf 91' lang='lat' dir='ltr'>eruditionem</span> <span class='ocrx_word' id='word_1_117' title='bbox 1059 2283 1192 2349; x_wconf 86' lang='lat' dir='ltr'>doctrina,</span> <span class='ocrx_word' id='word_1_118' title='bbox 1200 2300 1251 2338; x_wconf 88' lang='lat' dir='ltr'>nec</span> <span class='ocrx_word' id='word_1_119' title='bbox 1265 2284 1399 2339; x_wconf 87' lang='lat' dir='ltr'>orationis</span> <span class='ocrx_word' id='word_1_120' title='bbox 1408 2285 1585 2356; x_wconf 75' lang='lat' dir='ltr'>splendorem</span> 
     </span>
     <span class='ocr_line' id='line_1_14' title="bbox 351 2381 1586 2457; baseline 0 -15"><span class='ocrx_word' id='word_1_121' title='bbox 351 2387 473 2457; x_wconf 87' lang='lat' dir='ltr'>indulget</span> <span class='ocrx_word' id='word_1_122' title='bbox 482 2384 646 2453; x_wconf 76' lang='lat' dir='ltr'>eloquentia.</span> <span class='ocrx_word' id='word_1_123' title='bbox 659 2383 759 2451; x_wconf 89' lang='lat' dir='ltr'>Sicque</span> <span class='ocrx_word' id='word_1_124' title='bbox 768 2382 799 2436; x_wconf 81' lang='lat' dir='ltr'>fit</span> <span class='ocrx_word' id='word_1_125' title='bbox 807 2386 837 2435; x_wconf 93' lang='lat' dir='ltr'>ut</span> <span class='ocrx_word' id='word_1_126' title='bbox 849 2398 912 2436; x_wconf 93' lang='lat' dir='ltr'>cum</span> <span class='ocrx_word' id='word_1_127' title='bbox 928 2381 1144 2450; x_wconf 70' lang='lat' dir='ltr'>magnitudinem</span> <span class='ocrx_word' id='word_1_128' title='bbox 1157 2398 1247 2436; x_wconf 85' lang='lat' dir='ltr'>rerum</span> <span class='ocrx_word' id='word_1_129' title='bbox 1258 2399 1327 2451; x_wconf 89' lang='lat' dir='ltr'>quas</span> <span class='ocrx_word' id='word_1_130' title='bbox 1338 2399 1477 2439; x_wconf 85' lang='lat' dir='ltr'>exornare</span> <span class='ocrx_word' id='word_1_131' title='bbox 1484 2386 1586 2442; x_wconf 82' lang='lat' dir='ltr'>debue-</span> 
     </span>
     <span class='ocr_line' id='line_1_15' title="bbox 351 2480 1629 2552; baseline -0.001 -11"><span class='ocrx_word' id='word_1_132' title='bbox 351 2492 422 2549; x_wconf 88' lang='lat' dir='ltr'>rant,</span> <span class='ocrx_word' id='word_1_133' title='bbox 435 2485 526 2540; x_wconf 82' lang='lat' dir='ltr'>verbis</span> <span class='ocrx_word' id='word_1_134' title='bbox 541 2486 680 2552; x_wconf 86' lang='lat' dir='ltr'>nequeant</span> <span class='ocrx_word' id='word_1_135' title='bbox 691 2481 834 2551; x_wconf 83' lang='lat' dir='ltr'>explicare,</span> <span class='ocrx_word' id='word_1_136' title='bbox 846 2480 1001 2535; x_wconf 82' lang='lat' dir='ltr'>ariditatem</span> <span class='ocrx_word' id='word_1_137' title='bbox 1015 2480 1115 2548; x_wconf 82' lang='lat' dir='ltr'>ingenii</span> <span class='ocrx_word' id='word_1_138' title='bbox 1127 2480 1170 2534; x_wconf 93' lang='lat' dir='ltr'>sui</span> <span class='ocrx_word' id='word_1_139' title='bbox 1183 2486 1211 2535; x_wconf 91' lang='lat' dir='ltr'>et</span> <span class='ocrx_word' id='word_1_140' title='bbox 1227 2481 1393 2551; x_wconf 85' lang='lat' dir='ltr'>imperitiam</span> <span class='ocrx_word' id='word_1_141' title='bbox 1406 2485 1586 2541; x_wconf 76' lang='lat' dir='ltr'>manifestare</span> <span class='ocrx_word' id='word_1_142' title='bbox 1623 2514 1629 2529; x_wconf 86' lang='lat'>.</span> 
     </span>
     <span class='ocr_line' id='line_1_16' title="bbox 351 2578 1586 2654; baseline -0.001 -14"><span class='ocrx_word' id='word_1_143' title='bbox 351 2590 491 2654; x_wconf 85' lang='lat' dir='ltr'>cogantur.</span> <span class='ocrx_word' id='word_1_144' title='bbox 502 2583 626 2637; x_wconf 82' lang='lat' dir='ltr'>Grandes</span> <span class='ocrx_word' id='word_1_145' title='bbox 637 2581 711 2635; x_wconf 88' lang='lat' dir='ltr'>enim</span> <span class='ocrx_word' id='word_1_146' title='bbox 723 2580 863 2643; x_wconf 81' lang='lat' dir='ltr'>materias,</span> <span class='ocrx_word' id='word_1_147' title='bbox 876 2583 908 2634; x_wconf 87' lang='lat' dir='ltr'>ut</span> <span class='ocrx_word' id='word_1_148' title='bbox 921 2578 960 2634; x_wconf 98' lang='lat' dir='ltr'>ait</span> <span class='ocrx_word' id='word_1_149' title='bbox 976 2579 1161 2648; x_wconf 84' lang='lat' dir='ltr'>Hieronymus</span> <span class='ocrx_word' id='word_1_150' title='bbox 1172 2579 1207 2632; x_wconf 91' lang='lat' dir='ltr'>ad</span> <span class='ocrx_word' id='word_1_151' title='bbox 1222 2579 1403 2635; x_wconf 86' lang='lat' dir='ltr'>Heliodorum</span> <span class='ocrx_word' id='word_1_152' title='bbox 1415 2582 1586 2654; x_wconf 82' lang='lat' dir='ltr'>episcopum,</span> 
     </span>
     <span class='ocr_line' id='line_1_17' title="bbox 352 2677 1531 2753; baseline -0.002 -14"><span class='ocrx_word' id='word_1_153' title='bbox 352 2682 462 2753; x_wconf 89' lang='lat' dir='ltr'>ingenia</span> <span class='ocrx_word' id='word_1_154' title='bbox 471 2698 556 2752; x_wconf 79' lang='lat' dir='ltr'>parra</span> <span class='ocrx_word' id='word_1_155' title='bbox 565 2697 621 2733; x_wconf 92' lang='lat' dir='ltr'>non</span> <span class='ocrx_word' id='word_1_156' title='bbox 630 2680 773 2742; x_wconf 81' lang='lat' dir='ltr'>sufferunt,</span> <span class='ocrx_word' id='word_1_157' title='bbox 782 2683 810 2732; x_wconf 95' lang='lat' dir='ltr'>et</span> <span class='ocrx_word' id='word_1_158' title='bbox 819 2678 847 2731; x_wconf 89' lang='lat' dir='ltr'>in</span> <span class='ocrx_word' id='word_1_159' title='bbox 857 2677 915 2747; x_wconf 92' lang='lat' dir='ltr'>ipso</span> <span class='ocrx_word' id='word_1_160' title='bbox 926 2694 977 2732; x_wconf 91' lang='lat' dir='ltr'>suo</span> <span class='ocrx_word' id='word_1_161' title='bbox 986 2681 1087 2732; x_wconf 91' lang='lat' dir='ltr'>conatu</span> <span class='ocrx_word' id='word_1_162' title='bbox 1095 2677 1166 2731; x_wconf 89' lang='lat' dir='ltr'>ultra</span> <span class='ocrx_word' id='word_1_163' title='bbox 1178 2677 1250 2732; x_wconf 85' lang='lat' dir='ltr'>rires</span> <span class='ocrx_word' id='word_1_164' title='bbox 1259 2695 1327 2732; x_wconf 87' lang='lat' dir='ltr'>ausa</span> <span class='ocrx_word' id='word_1_165' title='bbox 1335 2682 1531 2737; x_wconf 84' lang='lat' dir='ltr'>succumbunt</span> 
     </span>
    </p>

    <p class='ocr_par' dir='ltr' id='par_1_7' title="bbox 293 2775 1630 3938">
     <span class='ocr_line' id='line_1_18' title="bbox 386 2775 1587 2850; baseline 0.001 -15"><span class='ocrx_word' id='word_1_166' title='bbox 386 2781 467 2849; x_wconf 90' lang='lat' dir='ltr'>Quod</span> <span class='ocrx_word' id='word_1_167' title='bbox 480 2779 588 2834; x_wconf 89' lang='lat' dir='ltr'>etmihi</span> <span class='ocrx_word' id='word_1_168' title='bbox 602 2778 725 2832; x_wconf 79' lang='lat' dir='ltr'>evenisse</span> <span class='ocrx_word' id='word_1_169' title='bbox 738 2776 818 2830; x_wconf 88' lang='lat' dir='ltr'>lateri</span> <span class='ocrx_word' id='word_1_170' title='bbox 833 2792 891 2830; x_wconf 91' lang='lat' dir='ltr'>non</span> <span class='ocrx_word' id='word_1_171' title='bbox 908 2776 1049 2839; x_wconf 87' lang='lat' dir='ltr'>erubesco,</span> <span class='ocrx_word' id='word_1_172' title='bbox 1060 2775 1108 2844; x_wconf 90' lang='lat' dir='ltr'>qui</span> <span class='ocrx_word' id='word_1_173' title='bbox 1123 2792 1174 2831; x_wconf 89' lang='lat' dir='ltr'>nec</span> <span class='ocrx_word' id='word_1_174' title='bbox 1186 2777 1307 2831; x_wconf 86' lang='lat' dir='ltr'>oratoria</span> <span class='ocrx_word' id='word_1_175' title='bbox 1320 2777 1412 2832; x_wconf 87' lang='lat' dir='ltr'>clarus</span> <span class='ocrx_word' id='word_1_176' title='bbox 1428 2778 1587 2850; x_wconf 86' lang='lat' dir='ltr'>eloquentia</span> 
     </span>
     <span class='ocr_line' id='line_1_19' title="bbox 353 2874 1586 2951; baseline -0.002 -15"><span class='ocrx_word' id='word_1_177' title='bbox 353 2898 404 2936; x_wconf 88' lang='lat' dir='ltr'>nec</span> <span class='ocrx_word' id='word_1_178' title='bbox 416 2879 524 2935; x_wconf 88' lang='lat' dir='ltr'>subtilis</span> <span class='ocrx_word' id='word_1_179' title='bbox 542 2876 641 2946; x_wconf 90' lang='lat' dir='ltr'>ingenii</span> <span class='ocrx_word' id='word_1_180' title='bbox 654 2876 724 2930; x_wconf 91' lang='lat' dir='ltr'>mihi</span> <span class='ocrx_word' id='word_1_181' title='bbox 735 2876 868 2939; x_wconf 88' lang='lat' dir='ltr'>conscius,</span> <span class='ocrx_word' id='word_1_182' title='bbox 880 2876 967 2930; x_wconf 81' lang='lat' dir='ltr'>vitam</span> <span class='ocrx_word' id='word_1_183' title='bbox 979 2875 1091 2944; x_wconf 83' lang='lat' dir='ltr'>virginis</span> <span class='ocrx_word' id='word_1_184' title='bbox 1109 2874 1210 2929; x_wconf 85' lang='lat' dir='ltr'>Christi</span> <span class='ocrx_word' id='word_1_185' title='bbox 1220 2875 1283 2940; x_wconf 68' lang='lat' dir='ltr'>ldae,</span> <span class='ocrx_word' id='word_1_186' title='bbox 1294 2892 1379 2944; x_wconf 88' lang='lat' dir='ltr'>quam</span> <span class='ocrx_word' id='word_1_187' title='bbox 1392 2877 1515 2933; x_wconf 89' lang='lat' dir='ltr'>scribere</span> <span class='ocrx_word' id='word_1_188' title='bbox 1525 2896 1586 2951; x_wconf 91' lang='lat' dir='ltr'>pro-</span> 
     </span>
     <span class='ocr_line' id='line_1_20' title="bbox 352 2974 1587 3051; baseline -0.002 -16"><span class='ocrx_word' id='word_1_189' title='bbox 352 2980 432 3051; x_wconf 85' lang='lat' dir='ltr'>posui</span> <span class='ocrx_word' id='word_1_190' title='bbox 444 2979 532 3048; x_wconf 77' lang='lat' dir='ltr'>dignis</span> <span class='ocrx_word' id='word_1_191' title='bbox 545 2975 636 3030; x_wconf 89' lang='lat' dir='ltr'>verbis</span> <span class='ocrx_word' id='word_1_192' title='bbox 647 2975 826 3044; x_wconf 87' lang='lat' dir='ltr'>pronuntiare</span> <span class='ocrx_word' id='word_1_193' title='bbox 835 2992 890 3029; x_wconf 93' lang='lat' dir='ltr'>non</span> <span class='ocrx_word' id='word_1_194' title='bbox 903 2974 1019 3029; x_wconf 84' lang='lat' dir='ltr'>sufficio.</span> <span class='ocrx_word' id='word_1_195' title='bbox 1028 2974 1067 3028; x_wconf 82' lang='grc' dir='ltr'>Ει</span> <span class='ocrx_word' id='word_1_196' title='bbox 1077 2990 1176 3043; x_wconf 85' lang='lat' dir='ltr'>magna</span> <span class='ocrx_word' id='word_1_197' title='bbox 1184 2974 1321 3043; x_wconf 88' lang='lat' dir='ltr'>siquidem</span> <span class='ocrx_word' id='word_1_198' title='bbox 1330 2981 1410 3044; x_wconf 88' lang='lat' dir='ltr'>parte</span> <span class='ocrx_word' id='word_1_199' title='bbox 1418 2983 1587 3035; x_wconf 78' lang='lat' dir='ltr'>excusatius</span> 
     </span>
     <span class='ocr_line' id='line_1_21' title="bbox 351 3072 1594 3149; baseline 0 -16"><span class='ocrx_word' id='word_1_200' title='bbox 351 3083 518 3149; x_wconf 69' lang='lat' dir='ltr'>praeceptum</span> <span class='ocrx_word' id='word_1_201' title='bbox 531 3076 640 3129; x_wconf 86' lang='lat' dir='ltr'>abbatis</span> <span class='ocrx_word' id='word_1_202' title='bbox 656 3074 719 3137; x_wconf 84' lang='lat' dir='ltr'>mei,</span> <span class='ocrx_word' id='word_1_203' title='bbox 730 3075 777 3143; x_wconf 92' lang='lat' dir='ltr'>qui</span> <span class='ocrx_word' id='word_1_204' title='bbox 786 3090 832 3127; x_wconf 94' lang='lat' dir='ltr'>me</span> <span class='ocrx_word' id='word_1_205' title='bbox 847 3073 980 3142; x_wconf 84' lang='lat' dir='ltr'>compulit</span> <span class='ocrx_word' id='word_1_206' title='bbox 991 3088 1053 3127; x_wconf 88' lang='lat' dir='ltr'>eam</span> <span class='ocrx_word' id='word_1_207' title='bbox 1066 3072 1183 3141; x_wconf 84' lang='lat' dir='ltr'>simplici</span> <span class='ocrx_word' id='word_1_208' title='bbox 1194 3072 1348 3127; x_wconf 89' lang='lat' dir='ltr'>admodum</span> <span class='ocrx_word' id='word_1_209' title='bbox 1360 3074 1425 3129; x_wconf 89' lang='lat' dir='ltr'>stilo</span> <span class='ocrx_word' id='word_1_210' title='bbox 1438 3076 1594 3133; x_wconf 79' lang='lat' dir='ltr'>declarare.</span> 
     </span>
     <span class='ocr_line' id='line_1_22' title="bbox 352 3171 1600 3248; baseline -0.001 -15"><span class='ocrx_word' id='word_1_211' title='bbox 352 3179 395 3233; x_wconf 79' lang='lat' dir='ltr'>Ad</span> <span class='ocrx_word' id='word_1_212' title='bbox 406 3178 480 3248; x_wconf 91' lang='lat' dir='ltr'>quod</span> <span class='ocrx_word' id='word_1_213' title='bbox 498 3175 635 3244; x_wconf 88' lang='lat' dir='ltr'>agendum</span> <span class='ocrx_word' id='word_1_214' title='bbox 653 3190 709 3227; x_wconf 92' lang='lat' dir='ltr'>non</span> <span class='ocrx_word' id='word_1_215' title='bbox 727 3174 761 3227; x_wconf 90' lang='lat' dir='ltr'>de</span> <span class='ocrx_word' id='word_1_216' title='bbox 773 3172 904 3241; x_wconf 88' lang='lat' dir='ltr'>ingenioli</span> <span class='ocrx_word' id='word_1_217' title='bbox 923 3172 977 3226; x_wconf 90' lang='lat' dir='ltr'>mei</span> <span class='ocrx_word' id='word_1_218' title='bbox 993 3171 1196 3235; x_wconf 81' lang='lat' dir='ltr'>insufficientia,</span> <span class='ocrx_word' id='word_1_219' title='bbox 1208 3172 1257 3226; x_wconf 89' lang='lat' dir='ltr'>sed</span> <span class='ocrx_word' id='word_1_220' title='bbox 1267 3172 1302 3226; x_wconf 91' lang='lat' dir='ltr'>de</span> <span class='ocrx_word' id='word_1_221' title='bbox 1318 3172 1433 3228; x_wconf 91' lang='lat' dir='ltr'>Domini</span> <span class='ocrx_word' id='word_1_222' title='bbox 1450 3191 1600 3244; x_wconf 70' lang='lat' dir='ltr'>praesumo</span> 
     </span>
     <span class='ocr_line' id='line_1_23' title="bbox 352 3270 1607 3346; baseline -0.002 -12"><span class='ocrx_word' id='word_1_223' title='bbox 352 3275 562 3346; x_wconf 82' lang='lat' dir='ltr'>omnipotentia.</span> <span class='ocrx_word' id='word_1_224' title='bbox 572 3273 618 3342; x_wconf 90' lang='lat' dir='ltr'>qui</span> <span class='ocrx_word' id='word_1_225' title='bbox 631 3273 719 3342; x_wconf 85' lang='lat' dir='ltr'>aperit</span> <span class='ocrx_word' id='word_1_226' title='bbox 727 3288 760 3326; x_wconf 91' lang='lat' dir='ltr'>os</span> <span class='ocrx_word' id='word_1_227' title='bbox 770 3278 880 3327; x_wconf 90' lang='lat' dir='ltr'>mutum</span> <span class='ocrx_word' id='word_1_228' title='bbox 891 3276 920 3326; x_wconf 90' lang='lat' dir='ltr'>et</span> <span class='ocrx_word' id='word_1_229' title='bbox 930 3270 1037 3340; x_wconf 87' lang='lat' dir='ltr'>linguas</span> <span class='ocrx_word' id='word_1_230' title='bbox 1047 3270 1194 3325; x_wconf 81' lang='lat' dir='ltr'>infantium</span> <span class='ocrx_word' id='word_1_231' title='bbox 1207 3271 1273 3325; x_wconf 88' lang='lat' dir='ltr'>lacit</span> <span class='ocrx_word' id='word_1_232' title='bbox 1281 3272 1405 3326; x_wconf 79' lang='lat' dir='ltr'>disertas.</span> <span class='ocrx_word' id='word_1_233' title='bbox 1417 3273 1475 3328; x_wconf 78' lang='lat' dir='ltr'>Nec</span> <span class='ocrx_word' id='word_1_234' title='bbox 1486 3275 1607 3331; x_wconf 70' lang='lat' dir='ltr'>mirum</span> 
     </span>
     <span class='ocr_line' id='line_1_24' title="bbox 351 3367 1604 3441; baseline -0.002 -11"><span class='ocrx_word' id='word_1_235' title='bbox 351 3376 375 3430; x_wconf 91' lang='lat' dir='ltr'>si</span> <span class='ocrx_word' id='word_1_236' title='bbox 384 3391 463 3429; x_wconf 89' lang='lat' dir='ltr'>mens</span> <span class='ocrx_word' id='word_1_237' title='bbox 472 3389 534 3428; x_wconf 85' lang='lat' dir='ltr'>mea</span> <span class='ocrx_word' id='word_1_238' title='bbox 544 3371 661 3441; x_wconf 89' lang='lat' dir='ltr'>trepidet</span> <span class='ocrx_word' id='word_1_239' title='bbox 669 3371 722 3424; x_wconf 88' lang='lat' dir='ltr'>hoc</span> <span class='ocrx_word' id='word_1_240' title='bbox 734 3370 862 3438; x_wconf 85' lang='lat' dir='ltr'>incipere,</span> <span class='ocrx_word' id='word_1_241' title='bbox 871 3369 946 3438; x_wconf 91' lang='lat' dir='ltr'>quod</span> <span class='ocrx_word' id='word_1_242' title='bbox 958 3367 1003 3422; x_wconf 84' lang='lat' dir='ltr'>vix</span> <span class='ocrx_word' id='word_1_243' title='bbox 1015 3367 1141 3422; x_wconf 86' lang='lat' dir='ltr'>adfinem</span> <span class='ocrx_word' id='word_1_244' title='bbox 1151 3368 1427 3438; x_wconf 88' lang='lat' dir='ltr'>perducerepossim;</span> <span class='ocrx_word' id='word_1_245' title='bbox 1437 3372 1604 3441; x_wconf 66' lang='lat' dir='ltr'>presertim</span> 
     </span>
     <span class='ocr_line' id='line_1_25' title="bbox 351 3467 1630 3538; baseline -0.002 -8"><span class='ocrx_word' id='word_1_246' title='bbox 351 3491 414 3530; x_wconf 88' lang='lat' dir='ltr'>cum</span> <span class='ocrx_word' id='word_1_247' title='bbox 427 3471 598 3528; x_wconf 85' lang='lat' dir='ltr'>admirabilis</span> <span class='ocrx_word' id='word_1_248' title='bbox 610 3471 693 3538; x_wconf 87' lang='lat' dir='ltr'>hujus</span> <span class='ocrx_word' id='word_1_249' title='bbox 702 3470 790 3524; x_wconf 83' lang='lat' dir='ltr'>beatae</span> <span class='ocrx_word' id='word_1_250' title='bbox 799 3468 971 3523; x_wconf 84' lang='lat' dir='ltr'>conversatio</span> <span class='ocrx_word' id='word_1_251' title='bbox 981 3467 1095 3522; x_wconf 89' lang='lat' dir='ltr'>multam</span> <span class='ocrx_word' id='word_1_252' title='bbox 1107 3467 1228 3521; x_wconf 81' lang='lat' dir='ltr'>materiae</span> <span class='ocrx_word' id='word_1_253' title='bbox 1240 3467 1367 3536; x_wconf 80' lang='lat' dir='ltr'>proelerat</span> <span class='ocrx_word' id='word_1_254' title='bbox 1378 3468 1573 3527; x_wconf 81' lang='lat' dir='ltr'>difficultatem</span> <span class='ocrx_word' id='word_1_255' title='bbox 1582 3484 1630 3535; x_wconf 63' lang='grc' dir='ltr'><strong><em>ς</em></strong></span> 
     </span>
     <span class='ocr_line' id='line_1_26' title="bbox 352 3565 1630 3637; baseline -0.001 -9"><span class='ocrx_word' id='word_1_256' title='bbox 352 3576 381 3628; x_wconf 88' lang='lat' dir='ltr'>in</span> <span class='ocrx_word' id='word_1_257' title='bbox 395 3570 581 3627; x_wconf 89' lang='lat' dir='ltr'>describendis</span> <span class='ocrx_word' id='word_1_258' title='bbox 593 3569 695 3623; x_wconf 88' lang='lat' dir='ltr'>scilicet</span> <span class='ocrx_word' id='word_1_259' title='bbox 707 3569 808 3622; x_wconf 88' lang='lat' dir='ltr'>sanctis</span> <span class='ocrx_word' id='word_1_260' title='bbox 823 3567 882 3634; x_wconf 85' lang='lat' dir='ltr'>eJ‘us</span> <span class='ocrx_word' id='word_1_261' title='bbox 894 3565 1094 3629; x_wconf 86' lang='lat' dir='ltr'>allectionibus,</span> <span class='ocrx_word' id='word_1_262' title='bbox 1108 3565 1252 3619; x_wconf 87' lang='lat' dir='ltr'>luminosis</span> <span class='ocrx_word' id='word_1_263' title='bbox 1266 3567 1552 3637; x_wconf 85' lang='lat' dir='ltr'>contemplationibus</span> <span class='ocrx_word' id='word_1_264' title='bbox 1561 3574 1630 3625; x_wconf 71' lang='lat' dir='ltr'>et</span> 
     </span>
     <span class='ocr_line' id='line_1_27' title="bbox 293 3664 1630 3739; baseline -0.006 -12"><span class='ocrx_word' id='word_1_265' title='bbox 293 3672 296 3677; x_wconf 84' lang='lat'>&#39;</span> <span class='ocrx_word' id='word_1_266' title='bbox 353 3670 520 3727; x_wconf 88' lang='lat' dir='ltr'>omnimodis</span> <span class='ocrx_word' id='word_1_267' title='bbox 529 3669 686 3737; x_wconf 87' lang='lat' dir='ltr'>gratiamm‚</span> <span class='ocrx_word' id='word_1_268' title='bbox 698 3666 799 3736; x_wconf 89' lang='lat' dir='ltr'>quibus</span> <span class='ocrx_word' id='word_1_269' title='bbox 807 3683 869 3720; x_wconf 87' lang='lat' dir='ltr'>eam</span> <span class='ocrx_word' id='word_1_270' title='bbox 879 3680 997 3734; x_wconf 88' lang='lat' dir='ltr'>sponsus</span> <span class='ocrx_word' id='word_1_271' title='bbox 1006 3680 1072 3718; x_wconf 89' lang='lat' dir='ltr'>suus</span> <span class='ocrx_word' id='word_1_272' title='bbox 1083 3664 1229 3727; x_wconf 81' lang='lat' dir='ltr'>ditaverat;</span> <span class='ocrx_word' id='word_1_273' title='bbox 1240 3664 1277 3717; x_wconf 90' lang='lat' dir='ltr'>ita</span> <span class='ocrx_word' id='word_1_274' title='bbox 1286 3664 1428 3721; x_wconf 89' lang='lat' dir='ltr'>utmerito</span> <span class='ocrx_word' id='word_1_275' title='bbox 1439 3667 1496 3723; x_wconf 86' lang='lat' dir='ltr'>diei</span> <span class='ocrx_word' id='word_1_276' title='bbox 1504 3668 1630 3739; x_wconf 54' lang='lat' dir='ltr'>pomi</span> 
     </span>
     <span class='ocr_line' id='line_1_28' title="bbox 353 3763 1630 3838; baseline 0.001 -13"><span class='ocrx_word' id='word_1_277' title='bbox 353 3773 387 3826; x_wconf 92' lang='lat' dir='ltr'>de</span> <span class='ocrx_word' id='word_1_278' title='bbox 396 3787 429 3825; x_wconf 89' lang='lat' dir='ltr'>ea</span> <span class='ocrx_word' id='word_1_279' title='bbox 441 3770 507 3838; x_wconf 85' lang='lat' dir='ltr'>quia</span> <span class='ocrx_word' id='word_1_280' title='bbox 518 3769 578 3837; x_wconf 85' lang='lat' dir='ltr'>ipsa</span> <span class='ocrx_word' id='word_1_281' title='bbox 589 3772 731 3836; x_wconf 84' lang='lat' dir='ltr'>tamquam</span> <span class='ocrx_word' id='word_1_282' title='bbox 741 3765 846 3835; x_wconf 88' lang='lat' dir='ltr'>lignum</span> <span class='ocrx_word' id='word_1_283' title='bbox 858 3781 937 3819; x_wconf 89' lang='lat' dir='ltr'>secus</span> <span class='ocrx_word' id='word_1_284' title='bbox 948 3764 1079 3818; x_wconf 88' lang='lat' dir='ltr'>decursus</span> <span class='ocrx_word' id='word_1_285' title='bbox 1095 3779 1228 3832; x_wconf 87' lang='lat' dir='ltr'>aquarum</span> <span class='ocrx_word' id='word_1_286' title='bbox 1242 3763 1427 3829; x_wconf 79' lang='lat' dir='ltr'>fructificavit,</span> <span class='ocrx_word' id='word_1_287' title='bbox 1439 3773 1468 3822; x_wconf 91' lang='lat' dir='ltr'>et</span> <span class='ocrx_word' id='word_1_288' title='bbox 1480 3768 1630 3825; x_wconf 57' lang='lat' dir='ltr'>fluenda</span> 
     </span>
     <span class='ocr_line' id='line_1_29' title="bbox 353 3862 1493 3938; baseline 0 -16"><span class='ocrx_word' id='word_1_289' title='bbox 353 3869 446 3938; x_wconf 86' lang='lat' dir='ltr'>gratiae</span> <span class='ocrx_word' id='word_1_290' title='bbox 459 3868 569 3935; x_wconf 83' lang='lat' dir='ltr'>irrigata</span> <span class='ocrx_word' id='word_1_291' title='bbox 581 3867 609 3920; x_wconf 92' lang='lat' dir='ltr'>in</span> <span class='ocrx_word' id='word_1_292' title='bbox 621 3866 707 3920; x_wconf 91' lang='lat' dir='ltr'>altum</span> <span class='ocrx_word' id='word_1_293' title='bbox 719 3881 749 3919; x_wconf 92' lang='lat' dir='ltr'>se</span> <span class='ocrx_word' id='word_1_294' title='bbox 757 3864 864 3927; x_wconf 91' lang='lat' dir='ltr'>tollens,</span> <span class='ocrx_word' id='word_1_295' title='bbox 877 3863 955 3933; x_wconf 84' lang='lat' dir='ltr'>quasi</span> <span class='ocrx_word' id='word_1_296' title='bbox 967 3862 1088 3916; x_wconf 87' lang='lat' dir='ltr'>Libanus</span> <span class='ocrx_word' id='word_1_297' title='bbox 1104 3862 1217 3916; x_wconf 93' lang='lat' dir='ltr'>odorem</span> <span class='ocrx_word' id='word_1_298' title='bbox 1229 3862 1374 3917; x_wconf 78' lang='lat' dir='ltr'>suavitatis</span> <span class='ocrx_word' id='word_1_299' title='bbox 1382 3864 1493 3922; x_wconf 84' lang='lat' dir='ltr'>elludit.</span> 
     </span>
    </p>

    <p class='ocr_par' dir='ltr' id='par_1_8' title="bbox 353 3961 1625 4426">
     <span class='ocr_line' id='line_1_30' title="bbox 386 3961 1625 4034; baseline 0 -13"><span class='ocrx_word' id='word_1_300' title='bbox 386 3966 511 4021; x_wconf 90' lang='lat' dir='ltr'>Scribam</span> <span class='ocrx_word' id='word_1_301' title='bbox 524 3966 605 4034; x_wconf 86' lang='lat' dir='ltr'>igitur</span> <span class='ocrx_word' id='word_1_302' title='bbox 616 3965 650 4018; x_wconf 88' lang='lat' dir='ltr'>ad</span> <span class='ocrx_word' id='word_1_303' title='bbox 663 3964 819 4033; x_wconf 82' lang='lat' dir='ltr'>proiectum</span> <span class='ocrx_word' id='word_1_304' title='bbox 828 3967 930 4017; x_wconf 76' lang='lat' dir='ltr'>sanem</span> <span class='ocrx_word' id='word_1_305' title='bbox 941 3961 1038 4016; x_wconf 90' lang='lat' dir='ltr'>matris</span> <span class='ocrx_word' id='word_1_306' title='bbox 1050 3961 1176 4015; x_wconf 72' lang='lat' dir='ltr'>Ecclesia</span> <span class='ocrx_word' id='word_1_307' title='bbox 1188 3965 1216 4015; x_wconf 91' lang='lat' dir='ltr'>et</span> <span class='ocrx_word' id='word_1_308' title='bbox 1226 3962 1262 4014; x_wconf 93' lang='lat' dir='ltr'>ad</span> <span class='ocrx_word' id='word_1_309' title='bbox 1273 3961 1468 4019; x_wconf 80' lang='lat' dir='ltr'>confusionem</span> <span class='ocrx_word' id='word_1_310' title='bbox 1478 3964 1625 4021; x_wconf 74' lang='lat' dir='ltr'>diaboti.</span> 
     </span>
     <span class='ocr_line' id='line_1_31' title="bbox 353 4061 1614 4134; baseline -0.003 -15"><span class='ocrx_word' id='word_1_311' title='bbox 353 4082 437 4134; x_wconf 91' lang='lat' dir='ltr'>quem</span> <span class='ocrx_word' id='word_1_312' title='bbox 450 4065 548 4118; x_wconf 86' lang='lat' dir='ltr'>ancilla</span> <span class='ocrx_word' id='word_1_313' title='bbox 560 4064 660 4118; x_wconf 85' lang='lat' dir='ltr'>Christi</span> <span class='ocrx_word' id='word_1_314' title='bbox 673 4068 800 4132; x_wconf 87' lang='lat' dir='ltr'>potenter</span> <span class='ocrx_word' id='word_1_315' title='bbox 810 4062 958 4132; x_wconf 82' lang='lat' dir='ltr'>superavit</span> <span class='ocrx_word' id='word_1_316' title='bbox 974 4061 1097 4115; x_wconf 88' lang='lat' dir='ltr'>Scribam</span> <span class='ocrx_word' id='word_1_317' title='bbox 1115 4061 1226 4130; x_wconf 87' lang='lat' dir='ltr'>inquam</span> <span class='ocrx_word' id='word_1_318' title='bbox 1239 4077 1272 4114; x_wconf 86' lang='lat' dir='ltr'>ea</span> <span class='ocrx_word' id='word_1_319' title='bbox 1289 4077 1351 4130; x_wconf 83' lang='lat' dir='ltr'>quae</span> <span class='ocrx_word' id='word_1_320' title='bbox 1363 4078 1381 4115; x_wconf 88' lang='lat' dir='ltr'>a</span> <span class='ocrx_word' id='word_1_321' title='bbox 1391 4065 1522 4132; x_wconf 88' lang='lat' dir='ltr'>personis</span> <span class='ocrx_word' id='word_1_322' title='bbox 1537 4065 1614 4121; x_wconf 78' lang='lat' dir='ltr'>ilde</span> 
     </span>
     <span class='ocr_line' id='line_1_32' title="bbox 354 4160 1608 4234; baseline -0.004 -16"><span class='ocrx_word' id='word_1_323' title='bbox 354 4164 442 4234; x_wconf 88' lang='lat' dir='ltr'>dignis</span> <span class='ocrx_word' id='word_1_324' title='bbox 451 4164 551 4227; x_wconf 85' lang='lat' dir='ltr'>audivi,</span> <span class='ocrx_word' id='word_1_325' title='bbox 560 4180 621 4233; x_wconf 82' lang='lat' dir='ltr'>qum</span> <span class='ocrx_word' id='word_1_326' title='bbox 633 4163 745 4233; x_wconf 90' lang='lat' dir='ltr'>quidem</span> <span class='ocrx_word' id='word_1_327' title='bbox 757 4162 845 4217; x_wconf 87' lang='lat' dir='ltr'>oeulis</span> <span class='ocrx_word' id='word_1_328' title='bbox 856 4161 913 4217; x_wconf 89' lang='lat' dir='ltr'>suis</span> <span class='ocrx_word' id='word_1_329' title='bbox 921 4161 1049 4215; x_wconf 87' lang='lat' dir='ltr'>viderunt</span> <span class='ocrx_word' id='word_1_330' title='bbox 1061 4166 1090 4214; x_wconf 87' lang='lat' dir='ltr'>et</span> <span class='ocrx_word' id='word_1_331' title='bbox 1101 4160 1214 4214; x_wconf 90' lang='lat' dir='ltr'>auribus</span> <span class='ocrx_word' id='word_1_332' title='bbox 1223 4160 1378 4227; x_wconf 75' lang='lat' dir='ltr'>audierunt,</span> <span class='ocrx_word' id='word_1_333' title='bbox 1386 4167 1419 4216; x_wconf 91' lang='lat' dir='ltr'>ut</span> <span class='ocrx_word' id='word_1_334' title='bbox 1431 4164 1608 4220; x_wconf 82' lang='lat' dir='ltr'>obstruatur</span> 
     </span>
     <span class='ocr_line' id='line_1_33' title="bbox 355 4256 1593 4330; baseline 0.002 -15"><span class='ocrx_word' id='word_1_335' title='bbox 355 4276 386 4315; x_wconf 93' lang='lat' dir='ltr'>os</span> <span class='ocrx_word' id='word_1_336' title='bbox 394 4260 567 4330; x_wconf 91' lang='lat' dir='ltr'>loquentium</span> <span class='ocrx_word' id='word_1_337' title='bbox 577 4260 671 4329; x_wconf 91' lang='lat' dir='ltr'>iniqua</span> <span class='ocrx_word' id='word_1_338' title='bbox 686 4264 713 4314; x_wconf 87' lang='lat' dir='ltr'>et</span> <span class='ocrx_word' id='word_1_339' title='bbox 722 4260 795 4313; x_wconf 89' lang='lat' dir='ltr'>Deus</span> <span class='ocrx_word' id='word_1_340' title='bbox 807 4259 836 4313; x_wconf 90' lang='lat' dir='ltr'>in</span> <span class='ocrx_word' id='word_1_341' title='bbox 848 4258 1021 4312; x_wconf 89' lang='lat' dir='ltr'>mirabilibus</span> <span class='ocrx_word' id='word_1_342' title='bbox 1032 4262 1134 4313; x_wconf 71' lang='lat' dir='ltr'>sancta</span> <span class='ocrx_word' id='word_1_343' title='bbox 1146 4256 1259 4326; x_wconf 79' lang='lat' dir='ltr'>virginis</span> <span class='ocrx_word' id='word_1_344' title='bbox 1271 4257 1402 4326; x_wconf 88' lang='lat' dir='ltr'>operibus</span> <span class='ocrx_word' id='word_1_345' title='bbox 1413 4259 1593 4330; x_wconf 80' lang='lat' dir='ltr'>glorificetur·</span> 
     </span>
     <span class='ocr_line' id='line_1_34' title="bbox 354 4356 1587 4426; baseline 0.002 -14"><span class='ocrx_word' id='word_1_346' title='bbox 354 4359 432 4414; x_wconf 89' lang='lat' dir='ltr'>Hanc</span> <span class='ocrx_word' id='word_1_347' title='bbox 448 4364 541 4414; x_wconf 86' lang='lat' dir='ltr'>autern</span> <span class='ocrx_word' id='word_1_348' title='bbox 562 4359 667 4413; x_wconf 74' lang='lat' dir='ltr'>dilecta·</span> <span class='ocrx_word' id='word_1_349' title='bbox 688 4358 789 4413; x_wconf 85' lang='lat' dir='ltr'>Christi</span> <span class='ocrx_word' id='word_1_350' title='bbox 807 4356 1046 4413; x_wconf 79' lang='lat' dir='ltr'>conversationem</span> <span class='ocrx_word' id='word_1_351' title='bbox 1063 4357 1165 4426; x_wconf 89' lang='lat' dir='ltr'>scripto</span> <span class='ocrx_word' id='word_1_352' title='bbox 1187 4356 1412 4413; x_wconf 89' lang='lat' dir='ltr'>commendatam</span> <span class='ocrx_word' id='word_1_353' title='bbox 1432 4360 1587 4416; x_wconf 78' lang='lat' dir='ltr'>transmitto</span> 
     </span>
    </p>
   </div>
   <div class='ocr_carea' id='block_1_7' title="bbox 354 4568 1575 4723">
    <p class='ocr_par' dir='ltr' id='par_1_9' title="bbox 354 4568 1575 4723">
     <span class='ocr_line' id='line_1_35' title="bbox 387 4568 1575 4641; baseline 0.001 -13"><span class='ocrx_word' id='word_1_354' title='bbox 387 4573 424 4640; x_wconf 81' lang='grc'>(1)</span> <span class='ocrx_word' id='word_1_355' title='bbox 437 4572 537 4640; x_wconf 82' lang='lat' dir='ltr'>Quetir,</span> <span class='ocrx_word' id='word_1_356' title='bbox 550 4574 607 4626; x_wconf 74' lang='lat' dir='ltr'>Ser.</span> <span class='ocrx_word' id='word_1_357' title='bbox 619 4574 648 4626; x_wconf 90' lang='lat'>0.</span> <span class='ocrx_word' id='word_1_358' title='bbox 658 4574 753 4639; x_wconf 69' lang='lat' dir='ltr'>Prad„</span> <span class='ocrx_word' id='word_1_359' title='bbox 765 4576 832 4626; x_wconf 90' lang='lat' dir='ltr'>tom.</span> <span class='ocrx_word' id='word_1_360' title='bbox 845 4572 864 4635; x_wconf 88' lang='grc' dir='ltr'>Ι,</span> <span class='ocrx_word' id='word_1_361' title='bbox 873 4589 899 4641; x_wconf 92' lang='lat' dir='ltr'>p.</span> <span class='ocrx_word' id='word_1_362' title='bbox 909 4571 972 4636; x_wconf 83' lang='grc'>798;</span> <span class='ocrx_word' id='word_1_363' title='bbox 984 4571 1032 4626; x_wconf 88' lang='lat' dir='ltr'>clr.</span> <span class='ocrx_word' id='word_1_364' title='bbox 1044 4568 1229 4637; x_wconf 84' lang='lat' dir='ltr'>Colvenerius,</span> <span class='ocrx_word' id='word_1_365' title='bbox 1242 4571 1449 4628; x_wconf 80' lang='lat' dir='ltr'>Kalendorr&#39;um</span> <span class='ocrx_word' id='word_1_366' title='bbox 1460 4577 1575 4631; x_wconf 74' lang='lat' dir='ltr'>socratis</span> 
     </span>
     <span class='ocr_line' id='line_1_36' title="bbox 354 4654 904 4723; baseline 0 -14"><span class='ocrx_word' id='word_1_367' title='bbox 354 4657 553 4722; x_wconf 77' lang='lat' dir='ltr'>airrraer&#39;rpim&#39;s</span> <span class='ocrx_word' id='word_1_368' title='bbox 567 4656 747 4721; x_wconf 69' lang='lat' dir='ltr'>Marioqtom.</span> <span class='ocrx_word' id='word_1_369' title='bbox 757 4654 790 4719; x_wconf 91' lang='lat'>11,</span> <span class='ocrx_word' id='word_1_370' title='bbox 799 4671 825 4723; x_wconf 90' lang='lat' dir='ltr'>p.</span> <span class='ocrx_word' id='word_1_371' title='bbox 834 4654 904 4709; x_wconf 78' lang='lat' dir='ltr'>119v.</span> 
     </span>
    </p>
   </div>
   <div class='ocr_carea' id='block_1_8' title="bbox 0 0 1651 5400">
    <p class='ocr_par' dir='ltr' id='par_1_10' title="bbox 0 0 1651 5400">
     <span class='ocr_line' id='line_1_37' title="bbox 0 0 1651 5400; baseline 0 0"><span class='ocrx_word' id='word_1_372' title='bbox 0 0 1651 5400; x_wconf 95' lang='lat' dir='ltr'> </span> 
     </span>
    </p>
   </div>
  </div>
 </body>
</html>
