3270 5400
315 299 389 375 956
653 323 780 376 caran.
807 324 911 376 cono.
936 325 1214 379 nrorooanrmc.

646 519 737 574 Roma
748 537 831 588 quem
844 522 948 575 dudum
960 521 1060 590 genuit,
1073 519 1220 598 triumphis

645 617 742 671 Pressa
753 618 810 686 jam
824 618 924 673 Christi
935 617 1094 686 meritisque
1107 618 1187 671 docta

645 717 792 786 Ilartyrem
804 718 852 772 sed
864 735 937 773 nunc
950 722 1100 772 coronante
1112 716 1220 770 Christo

745 817 832 871 Gallia
844 822 926 871 tenet.

417 917 438 987 7
443 928 459 962 ⁰
485 916 538 989 Dc
556 924 686 990 sancto
703 918 892 1010 Stephano
905 923 1067 1009 martyre
1081 916 1158 1008 (fol.
1173 916 1336 1008 bill-Ill).

349 1047 403 1098 Inc.
646 1046 771 1101 Christus
788 1052 830 1101 est
847 1048 903 1102 vita
921 1048 1034 1101 veniens
1051 1047 1079 1100 in
1097 1046 1202 1110 orbem,

642 1146 736 1199 Ilortis
756 1162 882 1200 occasum
901 1146 1007 1213 patiens
1023 1146 1128 1199 acerba.

643 1245 757 1298 Morinis
775 1250 837 1298 actu
854 1245 963 1314 pietatis
979 1262 1032 1299 usu

742 1345 840 1398 Vivere
857 1346 950 1398 donat.

647 1443 752 1496 Gaudia
768 1443 867 1513 psallat
884 1445 984 1497 chorus
1001 1448 1029 1497 et
1046 1444 1177 1498 resultet:

646 1542 739 1595 Gloria
756 1542 806 1596 Dei
824 1548 904 1596 canat
921 1548 949 1596 et
966 1543 1097 1601 revolvat.

646 1639 762 1694 Nomine
780 1641 852 1694 trioo
871 1641 970 1696 Deitati
987 1642 1038 1697 soli

743 1740 839 1793 Sidera
855 1740 982 1794 clament.
1308 1764 1311 1769 ·

414 1838 451 1909 8ο
477 1837 529 1910 De
547 1842 676 1909 sancto
694 1836 855 1910 MartIno
873 1838 1044 1930 episcopo
1061 1839 1139 1928 (fol.
1159 1839 1311 1932 tot-711)

348 1968 402 2019 Iac.
642 1966 767 2020 Christus
784 1983 832 2020 rex
850 1973 951 2029 noster,
969 1967 1014 2021 via
1030 1967 1077 2022 lux
1092 1968 1228 2037 salusque,

643 2064 696 2132 Qui
714 2065 766 2133 piis
783 2066 892 2134 dIgnam
911 2065 1009 2119 tribuis
1027 2082 1157 2120 coronam

643 2156 686 2209 Da
702 2161 780 2209 tuum
800 2161 890 2211 vatem
908 2156 1019 2211 famulis
1035 2174 1136 2211 sonora

742 2254 864 2321 Pangere
881 2254 999 2309 laudem.

348 2354 409 2406 Dee.
648 2352 730 2406 Solve
747 2368 820 2405 nunc
838 2352 936 2422 amplis
953 2351 1058 2406 meritis
1074 2368 1219 2421 precamur
1264 2372 1267 2376 ’

645 2450 797 2505 Criminum
816 2468 901 2505 nexos
919 2452 992 2506 bone
1012 2451 1066 2505 dux
1083 2451 1219 2506 revinctos

644 2550 705 2617 Quo
724 2551 774 2605 tibi
792 2550 859 2604 lucis
877 2550 1015 2605 sociemur
1031 2568 1094 2605 arce

744 2649 858 2717 Semper
875 2649 902 2702 in
920 2666 1018 2703 aarum.

412 2751 451 2822 9ο
478 2749 569 2822 Item
587 2750 632 2824 de
650 2755 784 2823 sancto
801 2750 961 2859 Martino
974 2750 1145 2845 episcopo
1159 2750 1236 2842 (fol.
1257 2752 1425 2844 lif-Ill).

349 2878 606 2933 Inc.Venerabilem
627 2879 715 2933 ulrum
737 2884 765 2933 et
782 2880 887 2933 cunctis
903 2897 952 2949 per
966 2879 1061 2935 orbem
1079 2880 1207 2933 decorem
1224 2879 1315 2934 ridete
1332 2896 1420 2950 quam
1437 2882 1559 2938 charita·

314 2984 370 3034 tem
388 2978 500 3032 exhibet
516 2978 641 3041 cunctis;
669 2995 747 3032 more
773 2978 895 3033 fraterno
920 2995 972 3033 nos
996 2979 1083 3049 diligit
1100 2996 1213 3041 omnes;
1238 2979 1333 3048 diligat
1349 2984 1379 3035 et
1396 2986 1478 3037 amet
1494 2998 1560 3039 eum

313 3079 387 3132 Deus
404 3078 433 3132 in
451 3094 534 3147 regno
552 3077 662 3131 coelesti.

348 3179 410 3231 Des.
428 3176 542 3230 Martiae
561 3193 655 3244 quaeso
675 3176 793 3245 gloriose
806 3176 917 3231 Domini
931 3178 1072 3232 consessor
1083 3177 1229 3247 deprecare
1240 3178 1329 3233 Deum
1340 3183 1373 3234 ut
1384 3196 1438 3249 pro
1451 3182 1560 3238 delictis

317 3277 426 3332 reniam
445 3277 585 3346 percipere
601 3282 691 3345 queat.

417 3378 478 3449 100
504 3376 557 3450 De
576 3381 707 3450 sancto
721 3375 831 3448 Petro
855 3366 1119 3468 apostolo'ffol.
1138 3372 1291 3470 rav-75¹)
1303 3376 1373 3469 (1).

347 3508 401 3561 Ine.
708 3505 809 3559 Beatus
827 3504 928 3559 Christi
942 3504 1060 3559 famulus

710 3602 807 3655 Petrus
824 3617 935 3671 quoque
952 3601 1092 3670 apostolus

709 3699 825 3769 Insignis
842 3717 874 3753 ac
892 3700 1043 3769 praepruus

712 3798 813 3853 Christi
831 3815 926 3853 amore
944 3798 1059 3866 agnitus.

402 3944 408 3956 .
713 3899 913 3968 Discipulorum
932 3898 1030 3968 singuli

151 4005 231 4080 frod.
709 3997 873 4067 Arietesque
885 3998 899 4028 *
911 3999 948 4063 (t)
967 3997 1071 4066 optimi,

118 4070 273 4191 ξῖἓὲᾚξ·
709 4100 788 4153 Victa
799 4100 813 4132 *
825 4100 921 4153 mundi
934 4099 1070 4168 superbia,

194 4176 201 4189 ⁰
266 4177 272 4190 ⁸
710 4197 788 4253 Nunc
806 4198 902 4253 lruunt
918 4214 1017 4268 magna
1034 4196 1142 4266 gaudia.

348 4301 478 4368 Sequitur
491 4300 642 4365 doxolopio.

348 4464 430 4531 (ttln
441 4462 612 4531 marginibus
631 4461 762 4515 loliorum
777 4461 879 4514 Itu-76v
892 4459 1000 4530 scripta
1012 4465 1077 4514 sunt
1087 4458 1227 4514 nonnulla
1238 4459 1403 4530 antiphona
1420 4480 1457 4519 ac
1475 4462 1552 4521 rarsi·

316 4546 370 4601 culi
379 4545 555 4599 neumatibus
572 4548 667 4598 notata
686 4542 801 4596 dicenda
814 4543 841 4597 tn
855 4543 1005 4597 testivitate
1018 4543 1105 4597 sancti
1122 4542 1249 4597 Othmari
1260 4542 1385 4599 abbatIs
1401 4574 1440 4588 -
1454 4548 1494 4615 (Ξ)
1503 4546 1552 4603 ffl.

316 4629 438 4685 Cassiod.
449 4629 590 4698 Expositio
603 4628 631 4682 in
640 4627 741 4681 Psalm.
753 4626 871 4692 XXVIII,
885 4628 907 4681 1.
920 4627 1027 4696 (lligne,
1036 4626 1066 4680 P.
1074 4626 1113 4692 L.,
1122 4631 1188 4681 tom.
1199 4624 1279 4693 LIIX,
1289 4642 1317 4695 p.
1329 4628 1402 4697 198.)
