3270 5400
304 370 395 421 sisu.
413 370 494 423 aaa.
513 371 684 424 nannum.
704 392 751 403 -
769 372 917 423 nenena.
937 372 983 423 nn
1001 372 1080 423 con.
1100 362 1138 422 n⁰
1155 371 1232 423 osso.
1316 351 1388 423 313

177 567 277 627 nerent,
294 578 376 629 quam
395 563 569 617 multitudine
585 564 624 615 oei
641 564 678 615 ad
695 566 905 631 repuqnondum
928 567 1083 629 invalescat,
1100 568 1140 619 oei
1158 567 1195 619 nd
1208 566 1389 639 profananda

177 675 237 712 acra
253 661 366 713 deorum
381 662 490 728 funesta
514 663 636 724 societate
656 671 783 716 armatus
803 666 917 718 demat.
938 663 1110 718 Calvisianus
1131 641 1201 717 dixit
1220 664 1255 717 ad
1275 663 1389 717 beatum

177 757 272 828 iuplum
299 778 306 812 ε
336 761 410 814 Unde
431 762 484 815 buc
507 764 611 833 stripitu
635 764 737 818 hobis?
763 765 803 817 De
831 767 908 818 domo
929 772 976 817 tuo
998 767 1146 817 exierunt?
1165 763 1266 817 Beatus
1286 763 1389 833 Buplus

177 859 314 927 espondit:
332 861 394 914 Non
412 869 476 915 sunt
492 864 612 917 dedomo
629 880 696 928 mea,
713 865 761 916 sed
778 865 810 916 de
830 866 907 915 domo
928 865 1033 916 domini
1053 865 1113 916 mei.
1134 864 1196 916 Non
1215 865 1286 915 enim
1306 864 1389 918 babeo

177 975 262 1012 amum
274 960 326 1026 iiic,
341 961 476 1014 Dominus
492 980 568 1016 meus
585 963 668 1016 Jesus
682 964 808 1016 cbristus
827 965 906 1015 riooit.
926 960 1097 1015 calvisianus
1115 961 1208 1015 dixit:
1229 964 1270 1014 Tu
1288 980 1318 1015 ea
1337 964 1390 1016 aue

177 1063 326 1126 emmoni?
336 1060 437 1114 Beatus
447 1061 550 1130 Euplus
562 1063 722 1131 respondit:
737 1065 788 1115 Per
800 1081 840 1116 me
851 1080 882 1116 ea
899 1065 951 1115 buc
968 1064 1116 1131 deportavi,
1134 1066 1216 1116 sicuti
1233 1065 1290 1131 ipse
1307 1065 1388 1118 eides.

177 1158 326 1212 aivisianus
338 1160 421 1214 dixit:
436 1162 500 1215 Bcee
511 1164 593 1215 sicuti
607 1180 637 1217 ea
646 1166 766 1230 portasti
778 1180 819 1215 me
828 1170 965 1231 praescide,
976 1166 1014 1215 ita
1026 1166 1055 1215 in
1066 1171 1206 1230 conspectu
1218 1180 1274 1216 meo
1284 1165 1353 1230 lepe;
1364 1171 1389 1216 et

177 1261 198 1310 ic
209 1261 279 1311 mint
298 1262 366 1327 quid
381 1262 509 1314 utilitatis
521 1263 560 1314 ibi
571 1264 714 1326 inveneris,
724 1271 752 1315 ut
762 1270 785 1315 et
796 1279 842 1328 epo
852 1265 944 1315 sciam.
957 1262 990 1315 Et
1002 1279 1064 1316 cum
1075 1262 1227 1331 aperuisset
1238 1260 1388 1330 evangelia,

177 1362 251 1411 estus
263 1359 367 1427 Buplus
376 1360 441 1428 legit
450 1361 600 1414 secundum
613 1361 753 1415 lintheum
767 1361 861 1414 dicens
875 1381 881 1415 :
894 1361 969 1415 Dixit
982 1361 1116 1414 Dominus
1128 1361 1218 1414 iesus:
1231 1362 1241 1385 ⁸
1254 1360 1331 1414 Beati
1341 1360 1388 1429 qui

177 1457 373 1511 srseeutionem
387 1459 528 1527 patiuntur
539 1464 650 1528 propter
664 1461 810 1527 justitiam,
822 1459 954 1529 quoniam
976 1459 1098 1528 ipsorum
1119 1465 1160 1513 est
1183 1476 1295 1527 regnum
1309 1458 1388 1512 aoelo·

177 1573 223 1610 im.
234 1598 246 1622 ,
261 1557 330 1611 ltem
339 1558 445 1627 aperuit
458 1559 630 1627 evangelium
639 1560 791 1613 secundum
801 1560 921 1612 blancum
932 1559 1026 1613 dicens
1037 1561 1061 1613 :⁸
1072 1559 1206 1612 Omnibus
1215 1560 1263 1627 qui
1273 1559 1389 1613 eredunt

177 1633 310 1727 .ibi,ipsis
322 1657 416 1710 datum
435 1663 477 1711 est
496 1675 661 1726 cognoscere
672 1675 786 1727 regnum
801 1659 881 1724 Dei,
895 1659 963 1712 ltem
983 1659 1135 1712 secundum
1155 1660 1257 1711 Lucam
1276 1677 1282 1711 :
1297 1658 1389 1711 Domi·

177 1772 203 1808 is
214 1756 296 1809 iesus
308 1756 377 1810 dixit
386 1757 488 1811 turbis:
502 1759 513 1782 ⁴
524 1758 551 1811 Si
565 1759 626 1826 quis
639 1758 697 1811 vult
709 1764 770 1826 post
782 1775 827 1812 me
839 1758 933 1812 venire
945 1775 1024 1812 suum
1037 1759 1154 1826 abneget
1166 1759 1347 1826 semetipsum
1360 1763 1388 1811 et

177 1854 231 1908 liat
243 1871 362 1921 crucem,
372 1861 400 1909 et
407 1863 539 1926 sequatur
550 1874 603 1910 me.
615 1899 626 1922 ,
641 1858 710 1911 Item
719 1859 871 1911 secundum
885 1858 1042 1912 iohannem
1054 1878 1060 1912 :
1075 1859 1086 1882 ⁴
1099 1857 1196 1911 Omnis
1205 1857 1252 1925 qui
1264 1857 1341 1911 venit
1352 1859 1387 1912 ad

178 1969 266 2007 enon
278 1954 437 2008 esurietzet
448 1954 495 2022 qui
512 1955 599 2008 credit
616 1955 643 2007 in
662 1972 706 2008 me
725 1972 781 2009 non
800 1957 874 2009 sitiet
892 1956 919 2009 in
937 1961 1101 2019 aternum,
1117 1957 1226 2009 Etcum
1246 1954 1388 2010 clausisset

177 2050 303 2119 'angelis
320 2050 491 2104 calvisianus
503 2051 571 2105 dixit
590 2071 596 2104 :
618 2054 674 2106 Hoc
686 2055 753 2121 quid
765 2056 820 2106 vnit
832 2057 913 2106 esse?
928 2053 1030 2106 Beatus
1043 2053 1146 2122 Euplus
1158 2053 1227 2106 dixit
1240 2072 1246 2105 ε
1260 2054 1319 2106 Lex
1336 2054 1388 2106 Dei

177 2153 202 2202 ei
214 2158 262 2216 est,
274 2167 332 2218 qua
348 2151 417 2203 mibi
432 2152 598 2204 observando
610 2154 713 2205 tradita
728 2161 772 2205 est.
786 2152 958 2205 Calvisianus
981 2151 1132 2205 consularis
1153 2152 1222 2204 dixit
1240 2171 1246 2204 ε
1265 2153 1291 2205 Α
1308 2156 1389 2221 quoi

177 2253 254 2302 astus
263 2249 366 2318 Buplus
375 2249 516 2319 respondit
528 2270 534 2303 ι
546 2252 570 2303 Α
581 2253 647 2304 Jesu
660 2253 768 2305 cbristo
779 2253 902 2315 Domino,
916 2253 990 2304 Filio
1003 2253 1054 2304 Dei
1065 2254 1126 2304 vini.
1140 2249 1311 2304 calvisianus
1323 2267 1387 2304 con·

177 2348 250 2402 ‚laris
259 2349 328 2402 dixit
336 2368 343 2401 t
351 2351 485 2415 Quoniam
494 2353 613 2404 innotuit
622 2353 698 2405 nobis
707 2369 740 2404 ex
749 2369 801 2405 sna
810 2355 976 2417 confessione
985 2369 1013 2405 se
1023 2369 1078 2405 esse
1087 2352 1277 2415 christianum,
1280 2354 1387 2420 publice

177 2451 282 2503 udatur
291 2452 455 2517 puniendus.
468 2452 529 2504 Non
538 2455 609 2504 enim
619 2454 765 2515 seeundum
776 2454 857 2519 lepem
866 2459 988 2505 nostram
998 2460 1021 2504 et
1031 2453 1388 2520 decretaprincipumaiiud

177 2551 285 2617 mandet
300 2551 468 2616 christianis,
481 2554 538 2604 nisi
554 2559 584 2604 ut
596 2555 763 2620 puniantur,
783 2560 805 2605 et
826 2555 881 2606 nito
903 2554 953 2606 bae
973 2569 1057 2620 qnam
1073 2559 1244 2605 contemnunt
1260 2553 1388 2618 feraliter

177 2651 343 2703 eludantur.

187 2747 225 2805 θ.
250 2750 320 2804 Cum
329 2751 421 2819 itaque
430 2753 459 2805 in
467 2750 560 2804 medio
569 2751 707 2805 secretarii
718 2752 852 2805 adductus
862 2752 967 2815 luisset,
976 2751 1128 2804 consularis
1138 2750 1310 2804 calvisianus
1319 2751 1386 2804 dixit

177 2848 180 2898 l
194 2862 263 2899 eum
276 2865 282 2899 :
297 2848 368 2912 Quin
384 2865 437 2915 per
447 2856 524 2902 teiam
536 2851 728 2915 consessionem
742 2851 809 2901 istos
827 2851 982 2916 scripturas
999 2850 1127 2913 nefarios
1143 2849 1221 2901 hodie
1239 2849 1387 2913 ostendisti,

177 2949 214 3000 :id
225 2948 341 3000 dicisde
352 2951 413 3001 eis?
429 2947 507 3001 Tunc
527 2947 624 3001 beatus
642 2946 746 3016 Euplus
764 2947 935 3016 signaculum
955 2946 1043 3000 crucis
1064 2947 1168 3000 iaciens
1184 2946 1212 3000 in
1230 2947 1321 3000 fronte
1339 2963 1388 3000 sua

177 3045 231 3100 vit:
246 3048 381 3113 Quintum
392 3049 461 3113 dini,
473 3056 496 3101 et
510 3064 582 3100 nunc
591 3050 683 3101 eodem
692 3050 826 3114 cortfiteor.
839 3047 1012 3102 calvisianus
1023 3046 1250 3100 consularisdixit
1260 3066 1266 3099 z
1275 3047 1390 3099 Audisti

177 3149 299 3215 iqieando
310 3149 379 3213 iopes
388 3150 554 3215 principum,
567 3165 636 3216 quas
648 3150 838 3214 componendis
850 3148 973 3200 moribus
984 3149 1124 3200 bominum
1138 3149 1321 3199 intrauerunt?
1335 3147 1389 3211 Qui

177 3250 213 3300 di
224 3255 249 3299 et
262 3248 416 3300 inordinati
423 3249 588 3300 munditiam
598 3248 787 3312 abhorrebant,
799 3256 823 3301 et
835 3250 932 3300 ordine
943 3249 1124 3301 recteoioendi
1133 3248 1371 3312 confundebantur
1378 3265 1389 3309 ,·

177 3350 190 3400 i
201 3348 280 3399 datis
291 3348 392 3412 lapibus
404 3349 481 3400 modo
493 3349 655 3414 diripuntur
666 3348 753 3414 ispum
774 3350 912 3412 repimine,
925 3348 1024 3414 quibus
1034 3350 1114 3399 ctiam
1127 3355 1151 3398 te
1163 3363 1230 3413 olins
1246 3354 1283 3398 est
1295 3349 1354 3412 repi
1365 3353 1389 3398 et

179 3451 347 3500 interrorem
367 3455 553 3500 transuersum
571 3465 682 3516 pereas
699 3455 801 3514 oportet
819 3449 936 3501 coricerii
953 3449 990 3499 od
1007 3449 1152 3499 ceritatem.
1164 3445 1266 3498 Beatus
1284 3444 1388 3512 Euplus

177 3545 305 3614 spondit:
316 3546 420 3598 Audivi
430 3549 531 3599 meritas
543 3565 560 3600 a
569 3548 746 3615 principibus
760 3549 855 3600 cestris
859 3549 1025 3614 precessisse
1035 3548 1110 3611 lepos,
1120 3547 1167 3597 sed
1177 3548 1240 3612 ipsu
1249 3546 1325 3597 euobis
1335 3563 1388 3597 non

177 3653 210 3698 nt
222 3648 386 3698 necessaris.
399 3646 482 3713 Lepos
494 3654 582 3699 autem
593 3647 645 3699 Dei
654 3649 706 3699 mei
715 3648 797 3699 habeo
808 3663 878 3714 quas
886 3648 1039 3714 amplector,
1052 3646 1150 3712 quibam
1159 3652 1242 3697 totum
1255 3645 1388 3697 bominem

177 3760 235 3796 nem
247 3745 369 3812 dispono,
381 3745 480 3812 quibus
492 3747 558 3797 dum
575 3748 632 3797 oioo
643 3741 727 3798 eitam
738 3763 824 3797 eneam
838 3762 970 3808 corisecro,
988 3745 1087 3812 quibus
1104 3761 1151 3797 cor
1171 3760 1257 3796 meum
1274 3759 1388 3795 commn-

177 3861 215 3909 σο,
236 3861 356 3912 quarum
374 3846 527 3910 defensioni
543 3847 623 3896 etiam
644 3853 754 3898 mortem
780 3862 866 3897 eneam
886 3847 985 3909 decoci,
1007 3821 1213 3912 qittn'exempto
1233 3844 1293 3908 ejus
1310 3859 1388 3909 quem

177 3950 242 3996 eunt
261 3920 398 3996 mortuina
415 3946 578 4007 surrexisse,
590 3947 756 4013 prontitiunt
776 3962 817 3997 nu
837 3946 949 3997 decienso
969 3945 1056 3997 secutio
1081 3951 1104 3995 et
1121 3945 1216 3995 anima
1236 3949 1260 3994 et
1276 3957 1388 4009 corpore

177 4060 290 4110 surpere
301 4051 325 4095 et
341 4046 427 4097 vicere
444 4048 473 4097 in
490 4054 626 4099 niernum.
636 4043 807 4098 calvisianus
818 4043 902 4096 dixit:
913 4045 1038 4095 Primum
1048 4050 1071 4095 te
1082 4044 1153 4094 niori
1168 4048 1277 4109 oportet,
1291 4042 1387 4093 deinde

181 4158 208 4193 m
224 4145 341 4194 mortuis
351 4144 403 4195 tibi
410 4145 545 4197 similibus
554 4146 586 4197 de
598 4146 797 4198 resurrectione
807 4143 944 4208 turbidare.
1231 4204 1232 4207 Ἴ

188 4239 221 4296 7.
239 4239 328 4293 Iratus
345 4239 442 4293 deinde
455 4240 625 4294 calvisianus
638 4240 706 4293 dixit
718 4239 868 4294 ministris:
885 4240 1056 4306 'fornicentur
1073 4240 1248 4305 qiroadnsqne
1264 4238 1385 4301 confitea-

177 4355 195 4387 r
212 4356 240 4391 se
259 4341 330 4391 aeris
347 4340 403 4392 diis
420 4341 630 4402 immolaturum,
644 4341 673 4391 id
690 4346 727 4390 est
741 4339 835 4401 Marti,
850 4340 973 4405 Apollini
990 4345 1014 4389 et
1026 4339 1156 4404 Asclepio.
1170 4336 1270 4388 Beatus
1283 4334 1385 4401 Euplus

177 4436 305 4505 spondit:
324 4439 396 4489 Bene
412 4440 517 4503 dixisti,
541 4438 702 4501 calvisiane,
727 4445 757 4490 nt
778 4441 889 4491 adorem
913 4438 1074 4489 Trinitatem
1096 4436 1312 4502 inseparabilem,
1329 4450 1386 4502 oica

177 4539 275 4589 *initas
291 4539 384 4589 unitas
395 4544 433 4590 est
445 4538 569 4591 Deitatis.
581 4537 705 4590 Audiens
718 4537 776 4589 haec
797 4537 889 4591 verba.
908 4534 1087 4603 impiissimus
1097 4534 1269 4588 Calvisianus
1278 4531 1386 4603 putavit

177 4633 223 4686 iod
232 4634 265 4687 de
276 4633 329 4686 diis
340 4634 396 4687 suis
410 4634 512 4688 diceret
524 4639 551 4687 ct
567 4634 667 4703 gaudio
682 4635 801 4703 repletus
813 4634 851 4686 ait
864 4653 869 4685 :
885 4635 958 4700 Erpa
970 4635 1103 4698 sacrifico.
1113 4632 1162 4686 Cui
1176 4632 1272 4685 beatus
1281 4635 1386 4697 martyr

177 4733 305 4798 spondit:
319 4735 377 4801 Boo
388 4736 510 4800 sacrifico
523 4743 545 4788 et
556 4736 664 4788 immolo
675 4737 807 4802 nreipsum
819 4735 897 4786 Patri
908 4741 931 4786 et
944 4733 1019 4786 Filio
1032 4740 1055 4785 et
1067 4733 1187 4800 Spiritui
1195 4739 1295 4785 sancto.
1306 4730 1384 4783 'sune
