3338 5394
302 338 375 411 t60
639 358 765 410 caran.
792 359 897 411 cono.
924 359 1202 412 nicroonsrnrc.

303 548 435 602 videntes.
453 548 635 615 Quibuscum
648 548 770 602 dicerent
787 567 793 603 :
808 551 830 602 0
847 549 910 603 boni
924 550 1045 616 barones,
1057 548 1097 603 illi
1114 549 1311 617 respondentes
1327 549 1474 602 dixerunt:
1496 550 1539 603 Va

301 648 378 700 nobis
390 649 456 716 quia
472 650 656 714 peccarimus,·
668 649 761 715 inique
772 651 875 714 cqimus
892 656 916 701 et
927 651 1016 701 sandi
1027 649 1121 701 Patris
1133 651 1252 716 requiem
1269 650 1450 701 inconsultius
1461 656 1538 701 teme·

301 748 432 799 ravimus.
444 747 508 799 ideo
523 753 600 799 tanta
617 747 851 800 animadversione
864 749 1052 814 percussionis
1067 764 1162 814 poeeras
1180 749 1283 800 luimus
1299 749 1432 801 cecitatis.
1451 748 1538 810 Nunc,

301 847 373 899 servi
384 846 504 912 Domini,
516 847 610 899 eritius
622 848 693 911 cpite
704 847 841 899 nobiscum
853 854 877 899 et
888 849 969 900 nolite
982 848 1085 900 inertie
1101 854 1199 900 recurre
1215 849 1342 900 talionem
1353 849 1481 911 reddere;
1492 848 1540 900 scd

301 952 375 999 orae
382 962 435 1012 pro
443 946 519 998 uobis
531 947 660 998 intentius
672 947 709 998 cd
722 946 809 998 Deum
821 948 1032 1014 omnipotentem,
1042 954 1065 999 et
1081 949 1199 999 invocate
1211 948 1247 998 cd
1258 948 1396 999 auxilium
1414 953 1538 999 rrostrum
1555 954 1571 1003 tt

301 1047 502 1099 secretissimum
512 1045 620 1096 Patrem
629 1044 811 1109 Benedictunq
820 1052 850 1097 ut
859 1047 965 1112 aperiat
977 1047 1067 1098 oculos
1076 1053 1189 1098 riostrcs.
1200 1046 1237 1098 Et
1245 1047 1284 1098 sic
1294 1062 1354 1099 cum
1362 1047 1443 1112 praei
1454 1049 1538 1112 poteri·

300 1146 394 1198 tudine
409 1145 606 1209 satisfacientes
614 1143 664 1196 sub
675 1150 732 1196 voto
734 1144 904 1209 jusjurandi
907 1146 1095 1212 promittimus
1105 1160 1153 1197 eros
1167 1161 1307 1211 nunquam
1324 1146 1393 1197 talia
1408 1161 1537 1211 presum-

297 1251 403 1312 pturos.
416 1243 559 1295 Testcmur
568 1242 666 1309 Repem
675 1244 795 1295 emerium
805 1245 964 1307 semitarum,
974 1245 1040 1310 quio
1048 1245 1159 1310 poeeritet
1168 1260 1217 1297 nos
1227 1245 1372 1309 sactorum.

332 1339 375 1393 Ad
400 1338 461 1392 haec
482 1339 567 1392 verba
592 1339 690 1392 iratres
716 1337 744 1391 in
768 1354 917 1392 commune
941 1336 1083 1392 solotenus
1101 1338 1154 1392 fusi
1173 1338 1280 1393 enixius
1305 1355 1402 1407 rogare
1419 1339 1537 1393 clemen·

298 1439 366 1492 tiam
378 1437 479 1492 Christi
492 1443 641 1506 coeperunt,
657 1439 787 1507 quatinus
804 1438 915 1492 illorum
935 1438 1075 1508 suscipere
1098 1439 1257 1507 dignaretur
1277 1454 1379 1507 preces,
1397 1438 1537 1492 etlumen
1558 1448 1587 1497 ro

298 1538 437 1606 perditum
450 1536 503 1590 illis
515 1536 658 1590 restituere
670 1553 726 1590 non
737 1541 858 1607 negaret.
867 1537 1011 1605 Completa
1023 1537 1322 1602 orationc,recordatus
1331 1542 1373 1591 est
1384 1537 1538 1591 misericor·

298 1636 350 1690 dis
370 1653 427 1690 suae
445 1640 473 1689 et
485 1636 594 1704 aperuit
606 1635 715 1689 illorum
728 1636 832 1701 oculos,
850 1636 896 1704 qui
914 1637 941 1690 in
959 1635 1080 1689 tenebris
1097 1636 1287 1690 versabantur.
1305 1637 1338 1690 Et
1356 1636 1394 1690 iili
1415 1637 1537 1705 quidem.

298 1735 451 1790 secundum
466 1735 540 1803 quod
550 1734 763 1804 spoponderant,
775 1734 837 1788 iiico
849 1751 932 1804 super
940 1751 1017 1788 sacra
1030 1734 1142 1803 pignera
1153 1734 1252 1802 digitos
1264 1740 1399 1804 ponentes
1406 1735 1539 1802 jurabant

298 1850 348 1903 per
360 1833 520 1903 mysterium
534 1832 622 1887 crucis
635 1832 734 1887 Christi
747 1838 775 1886 et
786 1833 969 1902 patrocinium
978 1833 1066 1886 sancti
1078 1832 1218 1887 Benedicti
1231 1850 1260 1887 se
1269 1833 1385 1887 ulterius
1394 1850 1537 1901 nunquam

299 1932 364 1987 talia
381 1932 475 1987 conari
496 1936 524 1986 et
544 1936 573 1985 ut
592 1932 702 2002 propria
719 1931 855 2000 mancipia
874 1933 975 1986 amodo
995 1931 1091 1985 fideles
1114 1932 1263 1986 existerent
1283 1933 1432 1986 Benedicta
1453 1933 1538 1988 Patri.
1558 1942 1588 1990 tt

299 2030 414 2086 Peracto
425 2032 563 2100 juramIne
581 2031 645 2085 iacti
663 2036 728 2086 sunt
741 2048 819 2085 versa
836 2031 896 2085 vice
909 2030 999 2095 amici,
1011 2031 1059 2100 qui
1075 2031 1157 2100 paulo
1169 2035 1233 2085 ante
1245 2030 1410 2085 videbantur
1425 2031 1538 2086 inimici.

298 2130 433 2184 Utebatur
445 2134 538 2182 autem
558 2128 748 2182 sanctissimus
764 2129 846 2183 Pater
863 2128 1015 2182 ministerio
1038 2128 1229 2197 episcoporum
1247 2129 1349 2182 mirum
1366 2130 1395 2182 in
1413 2130 1537 2183 modurn.

298 2228 367 2283 Nam
383 2246 453 2297 quos
461 2227 560 2282 habuit
572 2228 647 2296 prius
659 2229 809 2294 invasores,
820 2232 884 2282 tunc
893 2228 974 2297 coepit
985 2228 1088 2281 habere
1099 2228 1292 2282 devotissimos
1302 2227 1406 2298 proprii
1415 2245 1537 2282 somma-

299 2327 334 2383 tis
343 2328 473 2382 illatores.
485 2328 596 2382 Iniulati
605 2327 709 2397 ‘quippe
728 2327 876 2396 episcopali
888 2343 966 2381 more
977 2331 1076 2396 rogatu
1087 2327 1196 2381 abbatis
1208 2331 1236 2381 et
1247 2327 1360 2381 fratrum
1374 2328 1537 2382 levaverunt

298 2431 408 2482 tantum
417 2428 527 2482 Patrem
544 2432 571 2481 et
588 2427 779 2496 imposuerunt
790 2426 942 2481 cervicibus
960 2426 1017 2481 suis
1028 2425 1088 2479 sine
1100 2427 1221 2494 pondere
1237 2427 1353 2496 pondus,
1365 2426 1459 2495 sicque
1472 2443 1536 2481 cum
1553 2433 1587 2484 2⁰

300 2527 376 2581 onrni
388 2526 526 2580 hilaritate
539 2526 629 2579 cordis
640 2542 809 2594 quamquam
822 2525 897 2594 pleni
908 2524 1028 2579 lacrimis
1037 2529 1216 2593 portaverunt
1226 2524 1379 2594 piissimum
1388 2530 1537 2595 patronum

300 2630 328 2680 et
340 2625 557 2694 importaverunt
570 2625 597 2678 in
610 2624 751 2694 proprium
770 2624 952 2690 mausoleum,
964 2625 1039 2693 quod
1050 2625 1108 2693 jam
1120 2640 1168 2693 per
1185 2624 1328 2678 biennium
1345 2625 1388 2678 sui
1401 2625 1538 2678 mansoris

299 2725 389 2779 caruit
400 2724 544 2794 praesentia
562 2724 713 2778 viduatum.
723 2724 793 2778 Vere
805 2722 938 2777 mirabilis
955 2724 1030 2778 Deus
1040 2724 1069 2778 in
1081 2723 1184 2777 sanctis
1195 2723 1260 2777 suis.
1277 2723 1327 2788 Illi,
1339 2723 1386 2793 qui
1405 2728 1538 2779 venerant

300 2823 388 2878 sancti
400 2822 489 2876 Patris
501 2826 633 2898 raptores,
645 2821 737 2875 subito
750 2820 840 2875 effecti
851 2824 915 2874 sunt
927 2821 986 2889 ejus
998 2821 1100 2874 latores
1111 2827 1139 2874 et
1148 2821 1338 2889 jucundissimi
1351 2822 1538 2876 reconditores

300 2928 329 2978 et
354 2923 512 2977 inclusores.
535 2922 696 2990 Eodemque
713 2925 779 2974 voto
803 2920 989 2990 promiserunt
1007 2921 1137 2988 quatinus
1153 2920 1232 2974 annis
1249 2923 1423 2986 successuris,
1444 2923 1537 2992 quoad
1556 2926 1590 2976 aa

301 3021 434 3085 viverent,
452 3022 497 3076 die
515 3021 613 3075 eodem
633 3019 834 3090 episcopalibus
852 3019 950 3074 officiis
967 3023 1044 3073 tanto
1062 3020 1136 3073 Patri
1154 3020 1182 3074 in
1200 3020 1259 3089 ipso
1276 3021 1338 3075 loco
1356 3020 1538 3085 deservirent;

301 3122 397 3191 sicque
409 3120 486 3175 omni
503 3105 685 3189 gratulatione
697 3118 790 3173 divino
802 3119 988 3188 percelebrato
1001 3119 1140 3187 mysterio,
1157 3124 1312 3173 statuerunt
1328 3119 1441 3189 singulis
1459 3120 1539 3174 annis

302 3219 379 3275 omni
391 3224 516 3288 tempore
525 3218 610 3272 futuri
622 3219 674 3272 aevi
686 3217 763 3273 ilium
774 3218 847 3271 diem
857 3217 1018 3271 solemniter
1026 3234 1076 3286 per
1084 3222 1171 3271 totam
1181 3217 1296 3272 Galliam
1306 3218 1445 3272 celebrari.
1453 3219 1539 3272 Voca-

303 3323 402 3374 verunt
420 3323 513 3372 autem
532 3317 709 3371 testivitatem
730 3316 846 3371 eandem
859 3317 1021 3371 lnaamouru
1033 3333 1127 3370 scucrr
1138 3316 1290 3371 Baranrcrr.
1303 3316 1358 3371 Cur
1368 3316 1468 3370 dicitur
1481 3317 1540 3371 illa·

302 3416 362 3471 tio?
374 3433 408 3470 eo
426 3415 502 3484 quod
522 3414 582 3485 ipsa
593 3415 637 3469 die
655 3413 748 3468 illatus
760 3413 840 3468 estin
852 3413 1052 3467 monasterium
1064 3418 1166 3467 sanctae
1178 3413 1294 3482 Virginis
1303 3413 1402 3477 Maria,
1414 3414 1487 3467 latus
1505 3415 1539 3468 de
1557 3418 1589 3470 ae

302 3515 471 3570 monasterio
482 3513 570 3568 sancti
582 3513 657 3568 Petri
669 3513 793 3583 apostoli.
806 3512 910 3566 Dicitur
927 3516 1020 3567 autem
1033 3512 1119 3566 illatio
1132 3542 1164 3550 —
1176 3528 1241 3565 nam
1253 3512 1465 3581 simplicioribus
1477 3514 1540 3567 dico

302 3641 334 3650 -
347 3614 427 3683 quasi
440 3613 562 3667 inductio
575 3613 619 3668 rel
632 3611 806 3681 importatio;
819 3611 987 3666 vocabulum
999 3615 1091 3665 autern
1105 3610 1144 3664 rei
1156 3615 1200 3665 est
1210 3611 1246 3664 ab
1259 3627 1291 3665 eo
1304 3612 1378 3680 quod
1390 3616 1432 3664 est
1444 3612 1541 3667 iniero.

301 3714 371 3768 Nam
388 3713 464 3768 illam
475 3728 588 3766 causam
606 3711 724 3766 dicimus
735 3710 829 3764 inferri
842 3727 903 3779 quae
915 3709 1010 3780 procui
1023 3726 1039 3763 a
1051 3709 1132 3764 nobis
1143 3710 1197 3763 sita
1209 3714 1266 3773 est;
1283 3709 1358 3764 illam
1371 3714 1463 3764 autem
1474 3711 1541 3765 dici-

301 3830 364 3867 mus
376 3810 518 3866 transferri
528 3840 560 3849 -
577 3810 651 3864 unde
663 3815 690 3864 ct
703 3809 911 3864 translationem
929 3808 1067 3863 trahimus
1084 3837 1116 3848 -
1133 3825 1194 3877 quac
1207 3808 1287 3862 nobis
1305 3825 1338 3862 ex
1350 3809 1501 3878 longinquo
1514 3815 1542 3863 et

302 3917 410 3966 remoto
424 3910 571 3965 invehitur.
583 3909 643 3963 Hoc
661 3909 746 3963 modo
765 3908 886 3963 illatione
898 3912 1017 3978 peracta,
1029 3908 1150 3976 episcopi
1167 3906 1305 3977 simulque
1323 3924 1420 3962 omnes
1437 3909 1540 3963 adven·
1558 3912 1589 3963 38

303 4011 367 4075 ticii,
387 4010 435 4080 qui
458 4009 512 4064 tale
529 4008 716 4079 spectaculum
728 4023 840 4062 cernere
851 4011 1019 4072 meruerunt,
1031 4023 1132 4075 magno
1143 4006 1247 4076 pertusi
1258 4007 1359 4075 gaudio
1377 4008 1412 4060 ad
1430 4007 1541 4076 propria

302 4115 368 4165 sunt
379 4109 494 4179 regressi
507 4125 556 4178 per
567 4107 661 4163 omnia
670 4106 863 4160 benedicentes
874 4106 972 4159 Deum.

345 4206 380 4266 2.
407 4205 498 4276 Nuper
520 4220 631 4274 quoque
655 4203 756 4257 nostris
782 4202 984 4273 propemodum
1009 4202 1179 4271 temporibus
1204 4202 1336 4271 quiddam
1359 4202 1541 4257 memorabile

304 4306 343 4361 ibi
354 4304 474 4361 eadem*
486 4303 634 4357 festivitate
646 4301 796 4371 crepitante
808 4299 915 4354 accidit.
925 4299 1004 4367 Quod
1016 4301 1082 4369 quia
1091 4305 1246 4354 memoratu
1256 4301 1367 4369 dignum
1379 4303 1541 4357 monasticis

304 4406 417 4461 auribus
428 4403 560 4473 approbo,
569 4401 693 4454 themate
704 4417 760 4468 quo
770 4400 849 4453 raico
862 4398 970 4452 silentio
980 4414 1036 4452 non
1046 4400 1196 4468 supprimo.
1206 4400 1275 4453 Cum
1287 4400 1378 4453 eidem
1391 4400 1541 4463 festivitati,
1558 4403 1589 4457 tt

305 4506 340 4559 de
352 4520 407 4573 qua
424 4504 557 4556 hactenus
569 4499 682 4569 egimus
694 4497 815 4552 enormis
832 4498 955 4551 fidelium
976 4496 1125 4551 multitudo
1137 4498 1257 4567 quadam
1270 4498 1314 4551 dic
1332 4515 1445 4567 operam
1464 4501 1543 4554 daret

306 4618 457 4665 occurrere,
467 4606 495 4654 et
505 4599 642 4653 maximus
654 4597 856 4651 monachorum
867 4595 1011 4661 exercitus,
1023 4596 1063 4650 uti
1073 4596 1151 4660 solet,
1164 4595 1192 4649 in
1202 4597 1264 4650 loco
1274 4597 1371 4651 eodem
1382 4598 1541 4664 conflueret,

306 4703 436 4771 quatinus
455 4698 529 4754 Patri
549 4697 699 4752 Benedicto
715 4695 847 4751 attentius
865 4694 1082 4761 solemnizarent,
1103 4701 1130 4749 et
1148 4695 1338 4765 episcoporum
1360 4701 1388 4750 et
1408 4697 1541 4752 abbatum
