3270 5400
323 288 395 362 141
490 318 492 328 “
658 310 784 363 curra.
811 311 915 363 cooo.
941 311 1219 365 samosateum.

318 517 416 568 poeuaa
427 502 641 568 deportaverunt,
652 503 740 569 ibique
749 519 833 569 usque
844 504 881 554 ad
891 505 1144 556 carraecmmationem
1154 505 1409 557 aecrrtieruriabunt.
1420 504 1556 559 Custodes

322 613 388 650 vero
401 597 552 652 discursum
563 603 590 652 et
602 599 723 653 sonitum
736 600 892 653 damonum
904 599 1046 653 audientes
1056 601 1190 669 perterriti
1204 605 1286 670 atque
1296 602 1430 670 pavefacti
1443 604 1556 658 luemnt

100 701 115 732 *
131 701 218 755 abbas
230 715 296 754 uero
322 697 400 765 quasi
409 697 519 752 mortui.
531 699 544 729 ⁸
557 698 675 752 Diliculo
684 715 752 752 vero
763 703 906 767 surgentes
917 699 1046 752 omnibus
1057 699 1116 752 hac
1126 699 1333 764 intimaveruut;
1346 700 1489 769 abbasque
1500 703 1555 757 boc

125 768 180 849 boc
190 782 273 821 mane

122 850 274 888 curatura.

321 813 403 851 mane
423 797 498 851 haud
518 798 628 851 tradens
650 798 792 862 oblivioni,
809 814 871 851 cum
893 798 1024 852 iratribus
1044 799 1132 852 multa
1152 799 1315 868 papulomm
1337 801 1419 854 turba
1436 802 1555 856 uallatus

321 895 495 965 sepulchrum
516 896 589 949 illius
612 897 686 960 adiit,
710 896 833 966 illudque
855 896 1010 965 aperientes
1031 897 1145 951 minime
1166 914 1264 966 corpus
1286 897 1356 952 illius
1379 900 1584 960 inveneruntt

321 993 441 1047 Audiam
453 999 479 1047 et
490 995 706 1063 pertremiscant.
719 995 766 1063 qui
784 994 877 1048 oblata
895 995 1013 1049 Domino
1032 995 1125 1064 inique
1140 996 1268 1050 auferunt
1285 1002 1312 1051 et
1328 997 1409 1066 quasi
1426 999 1469 1052 sui
1484 1000 1553 1067 juris

320 1094 467 1162 possident.

362 1191 396 1250 6.
419 1193 500 1246 Anno
521 1191 626 1253 MXXV.
640 1209 702 1262 rege
723 1192 858 1246 liutberto
877 1196 1016 1260 regnante,
1033 1197 1130 1246 contra
1146 1191 1324 1247 Fulchoisum
1342 1194 1380 1259 (l)
1397 1194 1553 1248 Suessionis

320 1290 477 1360 episcopum
492 1289 647 1343 Richardus
662 1289 750 1342 abbas
760 1304 892 1357 maguum
904 1287 1049 1341 discidium
1061 1288 1158 1341 habuit
1169 1294 1281 1357 propter
1293 1290 1432 1344 abbatiam
1445 1297 1552 1346 sancto·

319 1407 379 1446 rurn
392 1389 553 1454 Sebastiam,
563 1389 684 1458 Gregorii
694 1393 721 1443 et
730 1389 860 1443 biedardi.
872 1404 955 1456 quam
969 1388 1113 1459 episcopus
1122 1389 1208 1443 nimio
1220 1391 1317 1443 ardore
1327 1390 1356 1444 in
1367 1407 1418 1444 suo
1429 1392 1553 1446 dominio
1570 1403 1603 1453 tu

318 1491 442 1544 obtinere
455 1489 588 1559 cupiebat.
602 1488 652 1542 Cui
661 1488 748 1542 abbas
758 1488 822 1542 totis
838 1488 941 1542 viribus
956 1487 1077 1543 renitens
1092 1506 1124 1542 ac
1137 1489 1286 1558 prohibens
1297 1490 1423 1559 negabat,
1436 1509 1465 1544 se
1480 1492 1553 1555 viro,

317 1589 371 1643 hoc
380 1589 539 1657 episcopum
550 1589 679 1656 perlicere
692 1604 779 1656 posse.
789 1588 841 1641 Sed
855 1588 999 1657 episcopus
1008 1593 1085 1642 tanta
1093 1589 1166 1642 mole
1178 1589 1330 1657 impressus
1346 1590 1419 1643 bona
1431 1590 1553 1644 ecclesiae

317 1686 451 1740 violenter
462 1686 613 1750 auferebat,
625 1686 737 1754 suisque
754 1685 887 1740 militibus
904 1686 1001 1741 tribuit
1018 1687 1046 1740 in
1064 1686 1207 1749 beneficia,
1220 1689 1363 1741 destruens
1379 1705 1441 1756 quae
1454 1690 1554 1743 beatus

316 1801 387 1854 papa
398 1785 543 1854 Gregorius
553 1785 739 1840 constituerat.
753 1786 868 1847 interea.
881 1786 947 1839 dum
966 1785 1151 1855 episcopusin
1168 1791 1255 1840 stratu
1271 1804 1322 1841 suo
1340 1788 1504 1855 quiescebat
1521 1806 1553 1843 ac

317 1885 478 1939 dormiendo
496 1885 647 1953 spiramina
664 1885 799 1949 trahebat,
817 1889 928 1938 sanctus
941 1884 1087 1954 Gregorius
1105 1887 1230 1954 apparuit
1242 1887 1266 1939 ei
1285 1892 1313 1940 et
1330 1886 1475 1956 increpans
1488 1904 1552 1942 eum
1572 1898 1604 1946 ⁴5

317 1983 360 2036 his
373 1983 464 2037 verbis
475 1984 583 2036 dicebat
601 2003 607 2036 ε
633 1983 689 2035 Cur
708 2002 768 2036 mea
788 2001 959 2052 meorumque
976 1991 1175 2036 autecessorum
1187 1986 1334 2050 confundis
1346 1986 1476 2039 acereta?
1496 1988 1555 2039 Cur

316 2101 401 2137 ineam
412 2086 548 2156 inquietas
557 2085 714 2136 abbatiam?
726 2085 800 2150 Rogo
810 2091 837 2136 ut
852 2102 869 2136 a
880 2085 982 2136 talibus
996 2085 1120 2148 desistas,
1130 2101 1162 2136 ne
1171 2085 1325 2151 perieulum
1334 2087 1477 2138 incurras.
1492 2085 1554 2155 Epi-

297 2168 299 2172 Α
316 2199 415 2251 scopus
424 2182 649 2236 statimasomno
659 2183 790 2250 evigilans
800 2181 881 2251 coepit
890 2181 1001 2235 volvere
1011 2181 1117 2245 tacitus
1126 2182 1200 2235 unde
1208 2182 1260 2235 sibi
1270 2183 1321 2236 ista
1331 2189 1425 2236 essent
1433 2185 1553 2247 somniau

316 2282 350 2335 ad
368 2281 494 2335 ultimum
507 2283 622 2351 putabat
639 2299 698 2335 esse
718 2299 789 2335 rana
802 2286 829 2335 et
840 2283 930 2335 acrius
942 2281 1024 2349 coepit
1040 2283 1200 2350 impugnare
1212 2282 1354 2335 abbatiam
1373 2287 1401 2336 et
1414 2283 1553 2338 diabolico

316 2381 445 2434 instinctu
462 2398 577 2449 quaeque
594 2386 701 2450 poterat
712 2381 887 2451 pessundare.
905 2381 972 2433 Post
988 2379 1106 2449 spatium
1125 2396 1191 2434 vero
1210 2381 1341 2450 temporis
1359 2381 1552 2451 episcopusin
1570 2391 1603 2443 20

316 2480 501 2534 infirmitatem
516 2481 617 2535 decidit
634 2481 771 2549 corporis:
790 2480 837 2550 qui
855 2480 973 2548 quadam
987 2479 1038 2543 die,
1051 2479 1117 2532 dum
1130 2480 1164 2533 ad
1177 2496 1316 2533 secessum
1329 2481 1386 2545 ivit,
1404 2481 1442 2535 ibi
1455 2482 1553 2537 omnia

316 2579 445 2632 intestina
457 2579 533 2642 fudit,
546 2585 577 2632 ut
588 2580 653 2632 Ario
663 2579 844 2632 heresiarchae
856 2579 977 2648 contigit.
1065 2626 1068 2632 .

358 2679 391 2735 7.
412 2679 470 2731 Hoc
483 2677 565 2731 etiam
578 2677 739 2730 miraculum
759 2678 928 2746 temporibus
941 2677 1065 2730 Rotberii
1078 2677 1149 2746 regis
1167 2677 1258 2730 diuina
1271 2678 1358 2745 gratia
1369 2679 1481 2747 conjugi
1494 2695 1553 2733 suae

315 2778 465 2830 revelatum
476 2782 525 2842 est,
534 2776 659 2829 videlicet
671 2775 846 2829 Constantia.
858 2776 922 2829 Haec
934 2792 998 2829 cum
1011 2776 1136 2829 membra
1148 2775 1240 2844 sopori
1253 2775 1374 2829 dedisset
1387 2776 1416 2830 in
1428 2776 1492 2831 loco
1504 2777 1552 2846 qui

316 2875 413 2929 dicitur
422 2875 561 2928 Asinarias
572 2876 615 2940 ti),
629 2875 725 2927 beatus
734 2874 880 2942 Gregorius
893 2875 921 2927 in
933 2874 1038 2927 somnis
1048 2873 1072 2926 ei
1084 2873 1264 2942 apparuit‚ita
1273 2890 1334 2926 earn
1345 2874 1518 2929 admonens:
1531 2877 1554 2931 0
1569 2883 1599 2934 itt

315 2979 418 3042 repieta,
431 2993 568 3044 quousque
579 2977 699 3042 patieris
716 2992 756 3026 me
769 2976 871 3026 etardum
885 2992 917 3026 ac
933 2975 1051 3026 irrembra
1064 2991 1121 3025 meo
1134 2974 1248 3026 reatibus
1260 2977 1382 3026 curantia
1397 2978 1553 3029 intermeat

314 3078 418 3143 fratrea
435 3077 628 3143 requieturum
646 3075 831 3127 Sebastianum
840 3081 863 3126 et
873 3074 1044 3137 Moderatum,
1052 3076 1205 3141 purpureis
1216 3075 1348 3139 stragulis
1359 3075 1509 3140 decoratae,
1521 3078 1549 3128 iu

316 3177 370 3229 loco
381 3176 461 3229 beata
472 3176 569 3228 Maria
580 3175 699 3227 corrditoa
709 3177 724 3226 ἓ
733 3172 794 3239 Quo
808 3172 901 3225 audito
916 3171 1075 3225 Constantia
1093 3171 1208 3241 putabat
1220 3172 1233 3202 *
1246 3171 1412 3240 phantasma
1423 3173 1479 3227 sibi
1490 3174 1550 3228 lieri

315 3293 363 3345 per
375 3276 522 3328 somnium.
534 3273 610 3326 Tunc
621 3273 741 3326 secundo
754 3273 886 3325 accedens
900 3271 940 3324 rir
952 3271 1097 3338 pradictus
1109 3275 1136 3324 et
1152 3287 1213 3325 eam
1226 3271 1371 3341 increpans
1383 3272 1470 3327 dixit:
1485 3275 1549 3339 Cur,

314 3379 418 3442 rapina,
427 3376 492 3426 ineis
504 3391 531 3426 es
544 3374 684 3425 incredula
696 3373 806 3424 verbis?
817 3370 915 3424 Adbuc
925 3369 1087 3422 Constantia
1096 3369 1224 3422 dubitans
1234 3373 1316 3438 alque
1325 3369 1372 3423 diu
1382 3386 1479 3424 secum
1492 3372 1550 3426 rol·
1564 3374 1592 3426 u

315 3490 381 3528 rens
393 3472 465 3525 unde
476 3470 527 3523 ista
544 3470 596 3523 sibi
610 3468 744 3522 accideret
756 3467 834 3527 risio,
847 3468 933 3521 Deum
952 3466 1107 3520 summissis
1120 3467 1245 3536 precibus
1257 3467 1450 3536 totoilagitare
1467 3470 1549 3538 coepit

313 3572 404 3634 corde,
415 3587 471 3638 quo
486 3569 524 3621 illi
536 3568 671 3621 revelaret
680 3567 768 3620 tertio.
780 3567 840 3620 Hoc
853 3571 933 3634 pacto
944 3565 1022 3619 tertia
1035 3566 1095 3618 rice
1107 3565 1203 3618 beatus
1220 3565 1366 3633 Gregorius
1375 3567 1401 3620 ei
1412 3570 1548 3638 apparuit,

313 3670 430 3725 multum
444 3669 517 3721 illam
530 3669 672 3735 increpans
684 3671 766 3734 atque
784 3667 922 3734 corrigens
941 3666 979 3718 ita
996 3681 1055 3718 eam
1070 3664 1236 3732 alloquitur:
1251 3667 1321 3730 Quia
1334 3684 1389 3719 aon
1405 3670 1549 3723 credidisti

313 3770 400 3820 verbis
413 3758 485 3831 aneia
496 3767 665 3832 febricitabat
677 3782 760 3832 usque
772 3766 835 3816 ditm
848 3765 896 3817 boe
903 3780 1031 3832 pei-apae.
1044 3762 1141 3816 Statim
1160 3763 1253 3831 regina
1270 3762 1304 3815 ad
1323 3762 1416 3817 locum
1433 3765 1547 3819 accessit

313 3885 375 3922 cum
388 3867 570 3930 testinatione,
588 3882 682 3919 secum
694 3864 793 3918 tollens
806 3864 889 3934 pallia
905 3870 933 3919 et
951 3864 1066 3918 candida
1078 3864 1251 3929 vestimenta,
1268 3880 1301 3918 ac
1312 3865 1405 3919 locum
1419 3867 1469 3922 ubi
1485 3868 1546 3923 Gre·
1561 3868 1629 3919 ΒΞ

312 3967 404 4035 gorius
416 3984 485 4035 papa
496 3967 604 4033 Jacebat
623 3965 738 4025 ornavit,
756 3969 783 4017 et
803 3964 896 4016 statim
909 3963 1024 4016 liberata
1041 3968 1083 4016 est
1100 3979 1117 4016 a
1134 3963 1241 4017 diutino
1257 3967 1321 4032 typo
1336 3964 1430 4019 morbi
1442 3966 1547 4021 meritis

313 4066 399 4134 ipsius
409 4067 506 4119 sancti.

353 4161 386 4220 8.
411 4156 1546 4232 Inpagoitquitanico.morbomaximogravataquaedameratpatriotacoutractu

311 4269 393 4331 atque
406 4262 516 4319 clinica;
538 4258 581 4312 cui
600 4257 697 4310 beatus
714 4255 793 4308 miles
811 4254 989 4307 Sebastianus
1009 4259 1036 4307 et
1054 4270 1126 4323 papa
1147 4252 1293 4323 Gregorius
1312 4262 1504 4323 apparuerunt
1518 4259 1546 4315 iu

344 4443 380 4508 (l)
392 4443 471 4495 Errat
482 4455 547 4491 sane
557 4437 603 4490 hic
613 4436 695 4489 eiiam
707 4437 825 4504 scriptor
833 4440 940 4497 noster;
953 4434 1088 4502 siquidem
1098 4432 1237 4487 Fulchoisi
1247 4434 1371 4503 episcopi
1380 4437 1441 4506 (qui
1450 4444 1479 4495 et
1485 4438 1545 4494 rui.

310 4525 420 4579 cbosius
445 4528 473 4576 et
495 4520 589 4584 Falco)
615 4535 690 4572 mors
711 4518 855 4571 referenda
881 4518 989 4571 uidetur
1008 4517 1044 4569 ad
1067 4532 1170 4570 annum
1196 4516 1259 4570 1018
1284 4517 1343 4572 sire
1371 4520 1445 4575 1019.
1467 4522 1544 4588 (Vide

310 4608 441 4669 Pecheur‚
459 4606 580 4657 Annales
592 4604 629 4654 da
642 4602 743 4654 diadar
754 4602 786 4653 de
796 4601 928 4666 Soiaaoua,
941 4604 1008 4652 torn.
1021 4600 1052 4663 11,
1070 4615 1129 4667 pag.
1142 4601 1185 4662 15;
1198 4599 1290 4663 Gaius,
1307 4600 1399 4655 Series
1412 4605 1543 4672 epffmpo.
1616 4629 1629 4640 .

309 4708 380 4756 rum,
398 4707 423 4759 p.
440 4688 509 4752 1133).
522 4714 552 4723 -
566 4685 603 4752 (1)
616 4685 646 4737 ln
659 4685 717 4736 Aet.
732 4683 787 4748 SS.‚
804 4682 821 4737 1.
834 4700 865 4746 c.‚
877 4700 902 4751 p.
915 4683 963 4736 749
975 4687 1090 4736 vocatur
1101 4681 1146 4735 bic
1158 4680 1235 4736 locus
1246 4681 1413 4738 Lesinariag
