3270 5400
170 349 262 401 aran.
280 346 362 399 aaa.
380 347 553 399 anonam.
573 367 620 378 -
638 347 787 400 sarano.
805 347 851 399 an
869 347 949 401 con.
968 348 1001 400 n.
1020 348 1135 400 amna.
1153 345 1238 402 acar.
1263 329 1337 402 483

65 532 81 553 ’
107 539 160 594 suh
174 537 264 608 specie
276 537 371 592 oculos
383 537 457 591 intas
476 536 597 606 forisque
608 536 711 591 habere
729 536 880 600 scribentis,
900 536 1000 605 quibus
1017 537 1160 591 ecclesiam
1177 537 1338 593 altrinsecus

106 636 247 701 muniant;
259 640 287 690 et
299 636 420 689 maxime
433 652 495 689 cum
515 635 637 704 priorum
661 635 714 690 lide
735 634 914 703 doctrinaque
937 635 1088 700 clarissimi,
1100 635 1233 703 syllabam
1251 653 1338 706 usque

107 735 313 806 perstringendo
325 735 509 797 discusserint,
522 750 572 787 nec
584 734 611 787 in
624 734 678 787 tale
687 735 753 803 quid
764 734 843 788 facile
855 750 968 788 manum
986 736 1095 788 mittere
1107 737 1338 805 praesumpserint,

107 838 264 889 reverentes
273 833 376 887 scilicet
393 833 467 886 illam
484 832 580 886 iacobi
594 832 763 901 imperialem
775 832 957 887 sententiam:
970 832 984 858 ⁸¹
997 832 1038 885 Sit
1046 838 1138 886 autem
1149 834 1240 888 omnis
1251 834 1336 889 homo

73 937 89 988 r
107 932 189 988 velox
202 933 237 986 ad
249 931 415 986 audiendum
434 934 461 985 et
473 931 567 984 tardus
584 929 799 999 adloquendum
814 971 841 995 ,.
854 930 909 984 Nos
927 946 1037 999 quoque
1052 947 1102 999 pro
1119 932 1231 985 modulo
1243 937 1337 986 nostro

106 1031 229 1085 nitimur.
240 1029 294 1083 Sed
304 1029 327 1082 si
337 1034 378 1083 est
389 1029 417 1082 in
429 1045 458 1081 re
470 1043 645 1096 nequaquam
657 1028 692 1081 ab
702 1028 811 1097 incepto
821 1028 890 1082 velle
899 1029 1038 1093 desistere,
1049 1029 1126 1097 paria
1138 1034 1165 1083 at
1175 1030 1337 1098 comproha-

106 1129 173 1183 bilia
188 1133 348 1198 coaptamus
364 1127 538 1196 exemplaria,
547 1143 608 1196 quae
620 1128 643 1180 si
655 1143 711 1181 non
726 1127 814 1196 perito
828 1127 933 1181 artitica
949 1127 1035 1181 latino
1051 1128 1264 1183 honestarentur
1282 1146 1337 1184 ser·

106 1244 200 1293 mone,
212 1227 272 1296 ipsa
286 1226 329 1281 sui
346 1225 467 1280 ioeditate
479 1225 599 1279 fidelium
616 1226 718 1294 quique
736 1226 918 1280 abhorrerent
935 1225 1050 1291 edicere,
1068 1231 1096 1280 et
1106 1231 1200 1280 tamen
1213 1229 1336 1296 priorum

80 1309 84 1315 ’
106 1325 270 1380 auctoritate
283 1324 368 1379 sacris
380 1324 408 1378 in
424 1324 492 1378 locis
509 1323 667 1377 recoluntur
678 1322 829 1377 honorifice
839 1342 845 1386 ;
855 1329 883 1377 et
895 1325 1036 1392 quomodo
1048 1325 1160 1393 insuper
1171 1325 1229 1379 lraec
1241 1326 1269 1379 in
1280 1327 1337 1381 lau·
1417 1384 1431 1399 ‚-

58 1429 87 1481 td
105 1423 169 1479 dem
178 1424 311 1489 attollere,
320 1428 347 1477 et
359 1427 478 1477 econtra
487 1422 533 1476 illa
545 1421 634 1476 velitis
643 1420 825 1475 detestatione
835 1422 977 1476 refutare?
988 1421 1011 1476 l
1024 1423 1105 1477 vobis
1117 1423 1235 1491 petimus
1247 1429 1337 1479 aucto-

105 1523 200 1577 rizare.
212 1515 289 1575 Sicut
296 1522 370 1576 euim
382 1520 504 1575 melioris
516 1520 684 1588 comparatio
698 1520 731 1574 tlt
741 1521 884 1575 deterioris
902 1520 1048 1590 despectio,
1060 1520 1099 1574 sic
1110 1521 1171 1575 laus
1188 1525 1215 1575 at
1223 1523 1337 1578 victoria

105 1621 233 1690 martyris
251 1622 309 1690 ipsa
321 1625 438 1674 testatur
450 1620 614 1673 contritione
632 1625 659 1674 et
671 1619 831 1674 infelicitate
843 1619 885 1673 sui
897 1620 1001 1682 hostis;
1015 1621 1092 1688 cujus
1110 1622 1138 1674 in
1149 1621 1259 1676 laudem
1278 1623 1337 1677 baec

106 1737 167 1790 qnae
177 1719 358 1783 detestamini,
370 1735 425 1773 non
438 1719 594 1772 referuntur
604 1718 681 1785 juxta
693 1735 814 1782 carnem,
826 1719 875 1772 sed
886 1719 934 1771 Dei
945 1719 1035 1787 potius
1044 1719 1233 1774 collaudamus
1244 1725 1337 1790 poten·

104 1818 172 1873 tiam
185 1818 346 1886 hujusmodi
358 1819 391 1871 de
404 1818 484 1871 hoste
496 1817 614 1871 volentis
626 1817 733 1886 exigere
745 1815 902 1870 vindictam.

59 1920 88 1970 tt
148 1916 182 1973 2.
206 1917 336 1971 Dicemus
353 1932 424 1984 ergo,
436 1916 472 1968 ad
495 1931 552 1968 rem
566 1914 670 1968 scilicet
689 1914 855 1978 adludendo,
870 1915 958 1968 Deum
979 1915 1051 1968 inter
1068 1915 1128 1984 ipsa
1148 1920 1335 1970 creaturarum

106 2013 246 2084 primitiva
263 2011 414 2077 hominem,
427 2010 504 2079 quasi
516 2009 622 2079 pulchri
642 2010 732 2078 operis
744 2010 958 2078 pulcherrimam
971 2011 1134 2079 portionem,
1147 2016 1175 2066 et
1184 2011 1338 2066 mirabilius

106 2111 204 2164 futurae
225 2124 345 2177 praesens
364 2107 507 2161 consulere
520 2106 683 2170 necessitati,
701 2111 731 2160 ut
752 2107 791 2160 ita
811 2106 942 2171 dicamus,
955 2107 1097 2176 digestioni
1121 2108 1226 2173 iisdem,
1239 2109 1338 2177 quihus

106 2210 197 2263 adhuc
209 2207 314 2261 utimur
325 2206 493 2274 compegisse
506 2205 646 2259 membris.
660 2206 774 2261 Constat
788 2221 851 2274 ergo
866 2206 889 2258 si
901 2206 1042 2274 praelibata
1054 2213 1185 2261 maneant
1196 2208 1337 2263 hominem

106 2308 207 2361 abono
220 2307 277 2360 Deo
290 2321 349 2358 esse
362 2308 492 2369 creatum,
505 2309 533 2358 et
544 2303 677 2372 quidquid
689 2321 706 2356 a
718 2304 791 2358 bono
802 2309 924 2357 creatum
937 2307 986 2367 est,
999 2305 1104 2358 bonum
1115 2305 1142 2359 id
1159 2322 1226 2370 esse,
1234 2307 1338 2360 cunctis

58 2412 89 2462 to
107 2407 284 2461 manifestum
297 2408 346 2468 est,
359 2403 418 2472 ipso
431 2404 514 2470 hujus
528 2402 684 2457 testamenti
702 2407 814 2457 auctore
831 2403 1027 2470 comprobante
1039 2403 1078 2457 sic
1088 2423 1094 2456 ι
1106 2405 1117 2429 “
1130 2405 1164 2458 Et
1176 2404 1244 2457 vidit
1264 2405 1336 2459 Deus

107 2509 207 2559 cuncta
218 2519 278 2571 quae
292 2502 363 2567 lecit,
375 2506 402 2555 et
411 2507 490 2555 erant
506 2501 586 2555 valde
595 2500 668 2555 bona
682 2540 703 2566 ,.
727 2500 755 2554 Si
767 2517 831 2569 ergo
843 2517 859 2554 a
871 2502 929 2554 Deo
946 2506 1054 2556 creatus
1066 2507 1108 2558 est
1118 2503 1212 2568 bomo,
1224 2507 1252 2557 et
1262 2503 1336 2572 quod

107 2601 142 2655 ab
152 2601 211 2669 ipso
221 2600 253 2653 fit
263 2599 367 2653 malum
377 2615 436 2652 esse
446 2598 549 2666 nequit,
569 2600 654 2651 restat
663 2600 695 2651 ut
705 2596 837 2665 quidquid
845 2597 880 2650 ab
892 2597 1005 2651 bomine
1015 2598 1094 2665 J'uxta
1102 2603 1229 2653 naturam
1241 2600 1336 2667 egitur,

107 2697 204 2752 vitium
222 2697 445 2750 damnandumve
457 2712 512 2749 non
525 2711 585 2748 esse
597 2695 709 2748 dicatur.
721 2695 755 2748 Et
764 2698 860 2749 auctor
877 2695 934 2764 ipse
943 2695 1012 2749 nihil
1030 2696 1058 2749 in
1069 2696 1183 2751 homine
1194 2698 1336 2752 damnatu-

105 2813 168 2850 rum
180 2813 210 2851 se
222 2812 282 2850 esse
299 2795 456 2864 repromisit
473 2800 572 2863 praeter
584 2799 736 2863 peccatum,
748 2794 822 2863 quod
839 2810 873 2848 ex
893 2810 930 2860 se,
942 2811 999 2848 non
1017 2811 1050 2849 ex
1070 2800 1182 2851 auctore
1193 2796 1336 2850 contraxit.

57 2906 89 2957 25
106 2895 185 2949 Unde
197 2895 293 2948 beatus
314 2894 488 2948 lheronimus
504 2893 603 2946 divinae
624 2893 691 2960 logis
712 2893 844 2962 interpres
860 2893 889 2947 in
907 2896 1106 2950 commentario
1127 2911 1208 2964 super
1220 2895 1337 2964 lsayam,

105 2994 255 3047 stoicorum
268 2996 369 3046 sectam
388 3008 470 3060 super
482 2991 535 3044 hac
544 3008 573 3044 re
585 2991 742 3045 christianae
753 2992 912 3046 auctoritati
922 2996 1039 3061 coaptat,
1051 2993 1098 3062 qui
1110 2995 1253 3048 hominem
1262 2995 1337 3049 nulla

106 3096 292 3146 creaturarum
304 3090 479 3145 immunditia
492 3094 590 3159 prater
601 3093 713 3158 peccato
730 3107 810 3159 posse
822 3090 906 3160 pollui
919 3097 1052 3146 asserunt.
1066 3091 1127 3158 Quo
1139 3097 1235 3146 contra
1254 3094 1336 3148 mira·

105 3206 169 3243 mur
188 3189 336 3242 admodum
360 3187 497 3240 naturalia
514 3186 591 3255 loqui
609 3203 658 3240 vos
681 3188 790 3255 penitus
812 3186 969 3250 abhorrere,
990 3193 1019 3240 et
1043 3189 1118 3255 quod
1135 3189 1269 3242 absonum
1288 3195 1336 3254 est,

88 3346 92 3353 ,
105 3286 275 3342 anathemati
287 3286 486 3349 denominasse,
501 3302 563 3353 quae
574 3285 696 3354 corporis
705 3285 767 3339 usui
776 3286 962 3339 necessariora
973 3285 1033 3353 ipsa
1044 3285 1072 3340 in
1089 3286 1169 3340 nobis
1180 3287 1337 3342 manifestat

57 3397 89 3450 30
105 3392 213 3441 natura.
221 3385 357 3454 Numquid
370 3384 443 3438 enim
453 3385 488 3438 ab
501 3385 586 3437 sacris
605 3384 672 3437 locis
685 3384 783 3453 prioris
790 3384 948 3437 testamenti
954 3385 1097 3438 refutanda
1106 3388 1150 3438 est
1160 3387 1336 3451 consecratio,

106 3486 181 3556 quod
193 3486 252 3554 ejus
263 3488 389 3539 auctores
401 3499 571 3551 quamquam
591 3482 708 3536 verbosa
720 3483 896 3548 obscenitate,
907 3482 1066 3536 historicam
1084 3488 1177 3537 tamen
1195 3500 1250 3538 non
1271 3501 1336 3553 pria·

105 3584 272 3653 sumpserint
287 3582 372 3636 latere
396 3581 526 3636 veritati?
541 3581 617 3634 Sicut
642 3581 671 3634 in
695 3581 750 3634 hoc
771 3581 886 3635 Levitici
911 3581 1048 3634 dominica
1071 3598 1138 3634 voce
1158 3598 1206 3650 per
1225 3583 1337 3651 Moysen

105 3681 227 3736 dicente:
239 3696 295 3734 non
316 3680 388 3734 coire
409 3696 473 3734 cum
493 3680 608 3733 muliere
630 3680 657 3732 in
669 3680 745 3733 fluxu
763 3684 919 3743 menstru03
933 3684 960 3734 et
978 3679 1044 3732 illud
1061 3680 1089 3733 in
1101 3679 1221 3734 Numero
1239 3681 1337 3736 Finees

104 3780 225 3850 pugione
233 3779 432 3849 perfodientis*
441 3779 469 3832 in
481 3778 549 3832 locis
560 3779 722 3847 genitalibus
732 3778 905 3841 lomicantes,
913 3777 956 3831 cui
966 3777 1107 3846 psalmista
1116 3794 1171 3832 non
1179 3784 1336 3847 reputatum
1420 3783 1501 3859 *cod

55 3889 88 3941 35
105 3895 167 3933 esse
185 3882 302 3932 testatur
313 3878 348 3931 ad
360 3877 559 3942 confusionem,
576 3878 625 3930 sed
643 3877 729 3931 multo
741 3876 828 3944 magis
839 3878 875 3930 ad
892 3876 1030 3944 justiciam
1048 3877 1076 3930 in
1092 3877 1296 3944 generationem
1308 3884 1337 3936 et
1368 3849 1559 3918 pemmemes‘

105 3976 318 4046 generationem.
329 3976 360 4030 ln
372 3976 478 4044 Regum
491 3992 602 4045 quoque
614 3995 620 4029 :
632 3976 679 4030 ubi
690 3991 788 4029 manus
798 3974 907 4029 Domini
917 3975 1070 4044 percutiens
1083 3975 1156 4029 viros
1168 3977 1337 4044 uniuscujus-

104 4092 158 4146 que
171 4075 246 4129 urbis
257 4092 273 4128 a
285 4091 370 4145 parvo
380 4091 466 4143 usque
477 4075 619 4142 majorem,
632 4075 889 4144 computrescebant
898 4074 1084 4143 prominentes
1093 4075 1196 4128 extales
1206 4092 1299 4130 eorum
1311 4081 1339 4132 et

104 4175 229 4229 iecenmt
246 4173 301 4228 sihi
317 4174 396 4227 sedes
409 4174 544 4242 pelliceas.
554 4174 590 4226 At
602 4174 640 4227 illi
654 4175 812 4228 sacerdotes
824 4175 985 4242 divinosque
999 4188 1081 4242 super
1092 4174 1146 4228 hoc
1164 4175 1338 4229 consulentes

104 4274 304 4343 responderunt
309 4274 387 4341 juxta
395 4290 540 4327 numerum
552 4273 754 4341 provinciarum
763 4273 958 4342 quinqueanos
967 4289 1065 4326 aureos
1073 4290 1133 4327 esse
1141 4273 1292 4328 faciendum
1302 4275 1337 4329 ad

55 4379 86 4435 to
103 4373 312 4427 similitudinem
329 4388 446 4426 anorum
459 4388 580 4435 suorum,
600 4389 716 4441 quorum
737 4372 915 4440 ignominiam
928 4373 1057 4426 virtutem
1070 4372 1119 4425 Dei
1131 4372 1268 4426 laudando
1281 4389 1338 4428 non

104 4472 181 4526 siluit
192 4471 335 4541 psalmista
347 4470 456 4524 dicens:
468 4472 478 4495 '⁶
491 4472 525 4524 Et
537 4470 670 4538 percussit
684 4486 732 4524 eos
742 4471 771 4524 in
779 4470 939 4539 posteriora,
950 4470 1129 4539 obprobrium
1140 4470 1337 4539 sempiternum

105 4571 181 4625 dedit
189 4570 269 4634 ilhs,
280 4570 314 4622 Et
323 4568 423 4622 aliasin
431 4568 531 4621 eodem
541 4568 589 4621 uhi
599 4568 664 4623 Saul
672 4568 831 4637 speluncam
841 4569 978 4637 ingressus
985 4573 1026 4621 est
1034 4572 1337 4637 utpurgaretrentrem,

105 4671 134 4723 et
145 4666 300 4722 Hiezechiel
316 4666 394 4734 juxta
406 4665 576 4719 dominicam
588 4681 686 4720 vocem
697 4665 872 4720 subscribens
888 4666 941 4719 sic:
952 4665 963 4690 ⁸
975 4665 1058 4719 Cibus
1069 4669 1133 4720 tuus
1143 4682 1199 4736 quo
1211 4666 1337 4733 vesceris,
